{"SFUN":{"symbol":"SFUN","exchange":"NYSE","code":"SFUN","name":"房天下","current":"2.295","percentage":"0.22","change":"0.005","open":"2.29","high":"2.31","low":"2.29","close":"2.295","last_close":"2.29","high52week":"10.0","low52week":"1.46","volume":"12821.0","lot_volume":"12821.0","volumeAverage":"9490000","marketCapital":"2.05952508E8","eps":"-0.09368210742508426","pe_ttm":"","pe_lyr":"","beta":"0.97","totalShares":"89739655","time":"Mon Dec 30 22:37:03 -0500 2019","afterHours":"2.29","afterHoursPct":"0.0","afterHoursChg":"0.0","afterHoursTime":"Mon Dec 30 09:10:02 -0500 2019","updateAt":"1577716623253","dividend":"0.0","yield":"0.0","turnover_rate":"0.01%","instOwn":"177.18","rise_stop":"0.0","fall_stop":"0.0","currency_unit":"USD","amount":"29437.0","net_assets":"6.8017","hasexist":"","has_warrant":"0","type":"0","flag":"1","rest_day":"","amplitude":"0.87%","market_status":"交易中","lot_size":"1","min_order_quantity":"0","max_order_quantity":"0","tick_size":"0.01","variable_tick_size":"0.01","kzz_stock_symbol":"","kzz_stock_name":"","kzz_stock_current":"1.97","kzz_convert_price":"0.0","kzz_covert_value":"0.0","kzz_cpr":"0.0","kzz_putback_price":"0.0","kzz_convert_time":"","kzz_redempt_price":"0.0","kzz_straight_price":"0.0","kzz_stock_percent":"","pb":"3.39","benefit_before_tax":"0.0","benefit_after_tax":"0.0","convert_bond_ratio":"","totalissuescale":"","outstandingamt":"","maturitydate":"","remain_year":"","convertrate":"","interestrtmemo":"","release_date":"","circulation":"0.0","par_value":"0.0","due_time":"0.0","value_date":"","due_date":"","publisher":"","redeem_type":"F","issue_type":"","bond_type":"T","warrant":"","sale_rrg":"","rate":"","after_hour_vol":"0","float_shares":"234517000","float_market_capital":"1.06470718E9","disnext_pay_date":"","convert_rate":"","volume_ratio":"0.0","percent5m":"0.0","pankou_ratio":"45.45%","dividend_pay_date":"Tue Mar 31 00:00:00 CST 2015","ex_dividend_date":"Wed Mar 11 00:00:00 CST 2015","moving_avg_200_day":"3.63","chg_from_200_day_moving_avg":"0.91","pct_chg_from_200_day_moving_avg":"0.2521","moving_avg_50_day":"4.23","chg_from_50_day_moving_avg":"0.31","pct_chg_from_50_day_moving_avg":"0.0723","shares_outstanding":"4.35057E8","ebitda":"9320000.0","short_ratio":"8.49","pe_estimate_next_year":"23.89","peg_ratio":"0.42","eps_estimate_next_year":"0.19","eps_estimate_next_quarter":"0.03","eps_estimate_current_quarter":"0.04","psr":"3.0","revenue":"6.4469E8","profit_margin":"-0.04723819199925546"},"NOAH":{"symbol":"NOAH","exchange":"NYSE","code":"NOAH","name":"诺亚财富","current":"35.50","percentage":"0.0","change":"0.00","open":"0.0","high":"0.0","low":"0.0","close":"35.5","last_close":"35.5","high52week":"60.14","low52week":"26.48","volume":"0.0","lot_volume":"0.0","volumeAverage":"508460","marketCapital":"2.181894042E9","eps":"2.0538904574825314","pe_ttm":"17.284","pe_lyr":"18.7905","beta":"1.89","totalShares":"61461804","time":"Mon Dec 30 22:27:06 -0500 2019","afterHours":"0.0","afterHoursPct":"0.0","afterHoursChg":"0.0","afterHoursTime":"Mon Dec 30 03:55:08 -0500 2019","updateAt":"1577716026038","dividend":"0.0","yield":"0.0","turnover_rate":"","instOwn":"75.0","rise_stop":"0.0","fall_stop":"0.0","currency_unit":"USD","amount":"0.0","net_assets":"17.887618257023856","hasexist":"","has_warrant":"0","type":"0","flag":"1","rest_day":"","amplitude":"","market_status":"交易中","lot_size":"1","min_order_quantity":"0","max_order_quantity":"0","tick_size":"0.01","variable_tick_size":"0.01","kzz_stock_symbol":"","kzz_stock_name":"","kzz_stock_current":"28.11","kzz_convert_price":"0.0","kzz_covert_value":"0.0","kzz_cpr":"0.0","kzz_putback_price":"0.0","kzz_convert_time":"","kzz_redempt_price":"0.0","kzz_straight_price":"0.0","kzz_stock_percent":"","pb":"3.85","benefit_before_tax":"0.0","benefit_after_tax":"0.0","convert_bond_ratio":"","totalissuescale":"","outstandingamt":"","maturitydate":"","remain_year":"","convertrate":"","interestrtmemo":"","release_date":"","circulation":"0.0","par_value":"0.0","due_time":"0.0","value_date":"","due_date":"","publisher":"","redeem_type":"F","issue_type":"","bond_type":"T","warrant":"","sale_rrg":"","rate":"","after_hour_vol":"0","float_shares":"17056000","float_market_capital":"6.6893632E8","disnext_pay_date":"","convert_rate":"","volume_ratio":"0.0","percent5m":"0.0","pankou_ratio":"-50.0%","dividend_pay_date":"Tue Apr 09 00:00:00 CST 2013","ex_dividend_date":"Mon Mar 18 00:00:00 CST 2013","moving_avg_200_day":"30.2","chg_from_200_day_moving_avg":"9.02","pct_chg_from_200_day_moving_avg":"0.2988","moving_avg_50_day":"34.86","chg_from_50_day_moving_avg":"4.36","pct_chg_from_50_day_moving_avg":"0.1252","shares_outstanding":"5.6461E7","ebitda":"1.207E8","short_ratio":"18.02","pe_estimate_next_year":"19.42","peg_ratio":"0.0","eps_estimate_next_year":"2.02","eps_estimate_next_quarter":"0.0","eps_estimate_current_quarter":"1.65","psr":"5.53","revenue":"4.0275E8","profit_margin":"0.24813400372439479"},"SPI":{"symbol":"SPI","exchange":"NASDAQ","code":"SPI","name":"阳光动力","current":"1.86","percentage":"-0.8","change":"-0.015","open":"1.88","high":"1.88","low":"1.86","close":"1.86","last_close":"1.875","high52week":"7.32","low52week":"0.607","volume":"1585.0","lot_volume":"1585.0","volumeAverage":"0","marketCapital":"2716738.0","eps":"-10.02456504533716","pe_ttm":"","pe_lyr":"","beta":"4.89","totalShares":"1460612","time":"Mon Dec 30 22:36:53 -0500 2019","afterHours":"0.0","afterHoursPct":"0.0","afterHoursChg":"0.0","afterHoursTime":"Mon Dec 30 03:55:10 -0500 2019","updateAt":"1577716613696","dividend":"0.0","yield":"0.0","turnover_rate":"0.11%","instOwn":"0.0","rise_stop":"0.0","fall_stop":"0.0","currency_unit":"USD","amount":"2956.0","net_assets":"-1.9307","hasexist":"","has_warrant":"0","type":"0","flag":"1","rest_day":"","amplitude":"1.07%","market_status":"交易中","lot_size":"1","min_order_quantity":"0","max_order_quantity":"0","tick_size":"0.01","variable_tick_size":"0.0001 1 0.01","kzz_stock_symbol":"","kzz_stock_name":"","kzz_stock_current":"2.33","kzz_convert_price":"0.0","kzz_covert_value":"0.0","kzz_cpr":"0.0","kzz_putback_price":"0.0","kzz_convert_time":"","kzz_redempt_price":"0.0","kzz_straight_price":"0.0","kzz_stock_percent":"","pb":"0.62","benefit_before_tax":"0.0","benefit_after_tax":"0.0","convert_bond_ratio":"","totalissuescale":"","outstandingamt":"","maturitydate":"","remain_year":"","convertrate":"","interestrtmemo":"","release_date":"","circulation":"0.0","par_value":"0.0","due_time":"0.0","value_date":"","due_date":"","publisher":"","redeem_type":"T","issue_type":"","bond_type":"F","warrant":"","sale_rrg":"","rate":"","after_hour_vol":"0","float_shares":"48123000","float_market_capital":"6101996.4","disnext_pay_date":"","convert_rate":"","volume_ratio":"0.0","percent5m":"0.0","pankou_ratio":"0.0%","dividend_pay_date":"","ex_dividend_date":"","moving_avg_200_day":"0.1752","chg_from_200_day_moving_avg":"-0.0484","pct_chg_from_200_day_moving_avg":"-0.276433","moving_avg_50_day":"0.1697","chg_from_50_day_moving_avg":"-0.0429","pct_chg_from_50_day_moving_avg":"-0.252773","shares_outstanding":"6.41665E8","ebitda":"-1.6463E8","short_ratio":"0.07","pe_estimate_next_year":"","peg_ratio":"0.0","eps_estimate_next_year":"","eps_estimate_next_quarter":"0.0","eps_estimate_current_quarter":"","psr":"0.4255","revenue":"1.9603E8","profit_margin":"-1.134853111768607"},"SGOC":{"symbol":"SGOC","exchange":"NASDAQ","code":"SGOC","name":"上为集团","current":"0.8200","percentage":"-10.87","change":"-0.1000","open":"0.83","high":"0.83","low":"0.7724","close":"0.82","last_close":"0.92","high52week":"1.3","low52week":"0.7724","volume":"2601.0","lot_volume":"2601.0","volumeAverage":"127885","marketCapital":"6.5621851E7","eps":"-0.15242422939449157","pe_ttm":"","pe_lyr":"","beta":"-0.13","totalShares":"80026647","time":"Mon Dec 30 22:34:58 -0500 2019","afterHours":"0.0","afterHoursPct":"0.0","afterHoursChg":"0.0","afterHoursTime":"Mon Dec 30 03:55:10 -0500 2019","updateAt":"1577716498826","dividend":"0.0","yield":"0.0","turnover_rate":"","instOwn":"1.0","rise_stop":"0.0","fall_stop":"0.0","currency_unit":"USD","amount":"2120.0","net_assets":"1.722","hasexist":"","has_warrant":"0","type":"0","flag":"1","rest_day":"","amplitude":"6.26%","market_status":"交易中","lot_size":"1","min_order_quantity":"0","max_order_quantity":"0","tick_size":"0.0001","variable_tick_size":"0.0001 1 0.01","kzz_stock_symbol":"","kzz_stock_name":"","kzz_stock_current":"1.03","kzz_convert_price":"0.0","kzz_covert_value":"0.0","kzz_cpr":"0.0","kzz_putback_price":"0.0","kzz_convert_time":"","kzz_redempt_price":"0.0","kzz_straight_price":"0.0","kzz_stock_percent":"","pb":"0.11","benefit_before_tax":"0.0","benefit_after_tax":"0.0","convert_bond_ratio":"","totalissuescale":"","outstandingamt":"","maturitydate":"","remain_year":"","convertrate":"","interestrtmemo":"","release_date":"","circulation":"0.0","par_value":"0.0","due_time":"0.0","value_date":"","due_date":"","publisher":"","redeem_type":"F","issue_type":"0","bond_type":"T","warrant":"","sale_rrg":"0","rate":"","after_hour_vol":"0","float_shares":"3505000","float_market_capital":"4135900.0","disnext_pay_date":"","convert_rate":"","volume_ratio":"0.0","percent5m":"0.0","pankou_ratio":"75.0%","dividend_pay_date":"","ex_dividend_date":"","moving_avg_200_day":"1.277","chg_from_200_day_moving_avg":"-0.094","pct_chg_from_200_day_moving_avg":"-0.07365000000000001","moving_avg_50_day":"1.15","chg_from_50_day_moving_avg":"0.033","pct_chg_from_50_day_moving_avg":"0.0287","shares_outstanding":"8367000.0","ebitda":"-2700000.0","short_ratio":"1.2","pe_estimate_next_year":"","peg_ratio":"0.0","eps_estimate_next_year":"","eps_estimate_next_quarter":"0.0","eps_estimate_current_quarter":"","psr":"2.063","revenue":"5070000.0","profit_margin":"-1.1222011834319527"},"UTSI":{"symbol":"UTSI","exchange":"NASDAQ","code":"UTSI","name":"UT斯达康","current":"2.94","percentage":"0.0","change":"0.00","open":"2.94","high":"2.94","low":"2.94","close":"2.94","last_close":"2.94","high52week":"4.11","low52week":"2.43","volume":"3007.0","lot_volume":"3007.0","volumeAverage":"36140","marketCapital":"1.04712025E8","eps":"-0.03478740864269162","pe_ttm":"","pe_lyr":"21.7245","beta":"0.89","totalShares":"35616335","time":"Mon Dec 30 22:30:00 -0500 2019","afterHours":"0.0","afterHoursPct":"0.0","afterHoursChg":"0.0","afterHoursTime":"Mon Dec 30 03:55:21 -0500 2019","updateAt":"1577716200317","dividend":"0.0","yield":"0.0","turnover_rate":"0.01%","instOwn":"3.23","rise_stop":"0.0","fall_stop":"0.0","currency_unit":"USD","amount":"8841.0","net_assets":"2.8183","hasexist":"","has_warrant":"0","type":"0","flag":"1","rest_day":"","amplitude":"","market_status":"交易中","lot_size":"1","min_order_quantity":"0","max_order_quantity":"0","tick_size":"0.01","variable_tick_size":"0.0001 1 0.01","kzz_stock_symbol":"","kzz_stock_name":"","kzz_stock_current":"3.0","kzz_convert_price":"0.0","kzz_covert_value":"0.0","kzz_cpr":"0.0","kzz_putback_price":"0.0","kzz_convert_time":"","kzz_redempt_price":"0.0","kzz_straight_price":"0.0","kzz_stock_percent":"","pb":"1.15","benefit_before_tax":"0.0","benefit_after_tax":"0.0","convert_bond_ratio":"","totalissuescale":"","outstandingamt":"","maturitydate":"","remain_year":"","convertrate":"","interestrtmemo":"","release_date":"","circulation":"0.0","par_value":"0.0","due_time":"0.0","value_date":"","due_date":"","publisher":"","redeem_type":"F","issue_type":"","bond_type":"T","warrant":"","sale_rrg":"","rate":"","after_hour_vol":"0","float_shares":"14547000","float_market_capital":"4.65504E7","disnext_pay_date":"","convert_rate":"","volume_ratio":"0.0","percent5m":"0.0","pankou_ratio":"-33.33%","dividend_pay_date":"","ex_dividend_date":"","moving_avg_200_day":"2.29","chg_from_200_day_moving_avg":"0.91","pct_chg_from_200_day_moving_avg":"0.3944","moving_avg_50_day":"2.69","chg_from_50_day_moving_avg":"0.51","pct_chg_from_50_day_moving_avg":"0.1902","shares_outstanding":"3.5421E7","ebitda":"6110000.0","short_ratio":"0.26","pe_estimate_next_year":"","peg_ratio":"0.0","eps_estimate_next_year":"-0.04","eps_estimate_next_quarter":"0.0","eps_estimate_current_quarter":"-0.01","psr":"1.23","revenue":"9.163E7","profit_margin":"0.06185048564880498"},"RENN":{"symbol":"RENN","exchange":"NYSE","code":"RENN","name":"人人","current":"0.7963","percentage":"2.64","change":"0.0204","open":"0.8","high":"0.8","low":"0.76","close":"0.79625","last_close":"0.7758","high52week":"2.47","low52week":"0.54","volume":"8932.0","lot_volume":"8932.0","volumeAverage":"386226","marketCapital":"5.5466314E7","eps":"0.22535358139138137","pe_ttm":"3.533","pe_lyr":"0.7646","beta":"0.52","totalShares":"69659421","time":"Mon Dec 30 22:36:56 -0500 2019","afterHours":"0.8","afterHoursPct":"3.09","afterHoursChg":"0.024","afterHoursTime":"Mon Dec 30 09:26:02 -0500 2019","updateAt":"1577716616786","dividend":"9.168","yield":"1216.243050039714","turnover_rate":"0.01%","instOwn":"1.0","rise_stop":"0.0","fall_stop":"0.0","currency_unit":"USD","amount":"7029.0","net_assets":"3.0359","hasexist":"","has_warrant":"0","type":"0","flag":"1","rest_day":"","amplitude":"5.16%","market_status":"交易中","lot_size":"1","min_order_quantity":"0","max_order_quantity":"0","tick_size":"0.01","variable_tick_size":"0.01","kzz_stock_symbol":"","kzz_stock_name":"","kzz_stock_current":"0.74","kzz_convert_price":"0.0","kzz_covert_value":"0.0","kzz_cpr":"0.0","kzz_putback_price":"0.0","kzz_convert_time":"","kzz_redempt_price":"0.0","kzz_straight_price":"0.0","kzz_stock_percent":"","pb":"1.06","benefit_before_tax":"0.0","benefit_after_tax":"0.0","convert_bond_ratio":"","totalissuescale":"","outstandingamt":"","maturitydate":"","remain_year":"","convertrate":"","interestrtmemo":"","release_date":"","circulation":"0.0","par_value":"0.0","due_time":"0.0","value_date":"","due_date":"","publisher":"","redeem_type":"F","issue_type":"","bond_type":"T","warrant":"","sale_rrg":"","rate":"","after_hour_vol":"0","float_shares":"15190000","float_market_capital":"1.678495E8","disnext_pay_date":"","convert_rate":"","volume_ratio":"0.0","percent5m":"0.0","pankou_ratio":"92.0%","dividend_pay_date":"","ex_dividend_date":"","moving_avg_200_day":"7.45","chg_from_200_day_moving_avg":"3.6","pct_chg_from_200_day_moving_avg":"0.4828","moving_avg_50_day":"9.03","chg_from_50_day_moving_avg":"2.02","pct_chg_from_50_day_moving_avg":"0.2232","shares_outstanding":"6.852E7","ebitda":"-6.785E7","short_ratio":"7.28","pe_estimate_next_year":"","peg_ratio":"0.0","eps_estimate_next_year":"-1.2","eps_estimate_next_quarter":"0.0","eps_estimate_current_quarter":"-1.46","psr":"8.91","revenue":"8.149E7","profit_margin":"-1.8414382132777027"},"SHI":{"symbol":"SHI","exchange":"NYSE","code":"SHI","name":"上石化","current":"29.54","percentage":"0.27","change":"0.08","open":"29.65","high":"29.65","low":"29.54","close":"29.54","last_close":"29.46","high52week":"52.67","low52week":"26.63","volume":"2439.0","lot_volume":"2439.0","volumeAverage":"14209","marketCapital":"3.197354508E9","eps":"3.1048621830094283","pe_ttm":"9.514","pe_lyr":"4.1863","beta":"1.04","totalShares":"108238135","time":"Mon Dec 30 22:37:01 -0500 2019","afterHours":"0.0","afterHoursPct":"0.0","afterHoursChg":"0.0","afterHoursTime":"Mon Dec 30 03:55:10 -0500 2019","updateAt":"1577716621271","dividend":"3.22105","yield":"10.93364","turnover_rate":"","instOwn":"1.28","rise_stop":"0.0","fall_stop":"0.0","currency_unit":"USD","amount":"72250.0","net_assets":"38.78665788833387","hasexist":"","has_warrant":"0","type":"0","flag":"1","rest_day":"","amplitude":"0.37%","market_status":"交易中","lot_size":"1","min_order_quantity":"0","max_order_quantity":"0","tick_size":"0.01","variable_tick_size":"0.01","kzz_stock_symbol":"","kzz_stock_name":"","kzz_stock_current":"27.07","kzz_convert_price":"0.0","kzz_covert_value":"0.0","kzz_cpr":"0.0","kzz_putback_price":"0.0","kzz_convert_time":"","kzz_redempt_price":"0.0","kzz_straight_price":"0.0","kzz_stock_percent":"","pb":"1.76","benefit_before_tax":"0.0","benefit_after_tax":"0.0","convert_bond_ratio":"","totalissuescale":"","outstandingamt":"","maturitydate":"","remain_year":"","convertrate":"","interestrtmemo":"","release_date":"","circulation":"0.0","par_value":"0.0","due_time":"0.0","value_date":"","due_date":"","publisher":"","redeem_type":"T","issue_type":"","bond_type":"T","warrant":"","sale_rrg":"","rate":"","after_hour_vol":"0","float_shares":"51247000","float_market_capital":"3.1004435E9","disnext_pay_date":"","convert_rate":"","volume_ratio":"0.0","percent5m":"0.0","pankou_ratio":"33.33%","dividend_pay_date":"Mon Jul 24 00:00:00 CST 2017","ex_dividend_date":"Thu Jun 15 00:00:00 CST 2017","moving_avg_200_day":"58.2","chg_from_200_day_moving_avg":"2.3","pct_chg_from_200_day_moving_avg":"0.039599999999999996","moving_avg_50_day":"61.07","chg_from_50_day_moving_avg":"-0.57","pct_chg_from_50_day_moving_avg":"-0.009399999999999999","shares_outstanding":"1.08E8","ebitda":"1.12E9","short_ratio":"0.61","pe_estimate_next_year":"","peg_ratio":"0.0","eps_estimate_next_year":"0.03","eps_estimate_next_quarter":"0.0","eps_estimate_current_quarter":"-0.03","psr":"0.52","revenue":"1.265E10","profit_margin":"0.06488537549407114"},"SECO":{"symbol":"SECO","exchange":"NASDAQ","code":"SECO","name":"寺库","current":"5.95","percentage":"-0.67","change":"-0.04","open":"6.03","high":"6.03","low":"5.95","close":"5.95","last_close":"5.99","high52week":"10.52","low52week":"5.05","volume":"1684.0","lot_volume":"1684.0","volumeAverage":"0","marketCapital":"2.98954168E8","eps":"0.45546978768850693","pe_ttm":"13.063","pe_lyr":"13.7578","beta":"0.0","totalShares":"50244398","time":"Mon Dec 30 22:33:04 -0500 2019","afterHours":"0.0","afterHoursPct":"0.0","afterHoursChg":"0.0","afterHoursTime":"Mon Dec 30 03:55:10 -0500 2019","updateAt":"1577716384264","dividend":"0.0","yield":"0.0","turnover_rate":"","instOwn":"0.0","rise_stop":"0.0","fall_stop":"0.0","currency_unit":"USD","amount":"10094.0","net_assets":"4.486196384869692","hasexist":"","has_warrant":"0","type":"0","flag":"1","rest_day":"","amplitude":"1.34%","market_status":"交易中","lot_size":"1","min_order_quantity":"0","max_order_quantity":"0","tick_size":"0.01","variable_tick_size":"0.0001 1 0.01","kzz_stock_symbol":"","kzz_stock_name":"","kzz_stock_current":"5.83","kzz_convert_price":"0.0","kzz_covert_value":"0.0","kzz_cpr":"0.0","kzz_putback_price":"0.0","kzz_convert_time":"","kzz_redempt_price":"0.0","kzz_straight_price":"0.0","kzz_stock_percent":"","pb":"0.0","benefit_before_tax":"0.0","benefit_after_tax":"0.0","convert_bond_ratio":"","totalissuescale":"","outstandingamt":"","maturitydate":"","remain_year":"","convertrate":"","interestrtmemo":"","release_date":"","circulation":"0.0","par_value":"0.0","due_time":"0.0","value_date":"","due_date":"","publisher":"","redeem_type":"T","issue_type":"","bond_type":"T","warrant":"","sale_rrg":"","rate":"","after_hour_vol":"0","float_shares":"0","float_market_capital":"0.0","disnext_pay_date":"","convert_rate":"","volume_ratio":"0.0","percent5m":"0.0","pankou_ratio":"76.47%","dividend_pay_date":"","ex_dividend_date":"","moving_avg_200_day":"8.32","chg_from_200_day_moving_avg":"-1.08","pct_chg_from_200_day_moving_avg":"-0.13","moving_avg_50_day":"8.32","chg_from_50_day_moving_avg":"-1.08","pct_chg_from_50_day_moving_avg":"-0.13","shares_outstanding":"4250000.0","ebitda":"0.0","short_ratio":"0.0","pe_estimate_next_year":"","peg_ratio":"0.0","eps_estimate_next_year":"","eps_estimate_next_quarter":"0.0","eps_estimate_current_quarter":"","psr":"","revenue":"","profit_margin":""},"WBAI":{"symbol":"WBAI","exchange":"NYSE","code":"WBAI","name":"500彩票网","current":"8.64","percentage":"-1.71","change":"-0.15","open":"8.62","high":"8.64","low":"8.62","close":"8.64","last_close":"8.79","high52week":"15.88","low52week":"6.77","volume":"1670.0","lot_volume":"1670.0","volumeAverage":"2860000","marketCapital":"3.71504353E8","eps":"-1.9124301342217105","pe_ttm":"","pe_lyr":"","beta":"1.63","totalShares":"42998189","time":"Mon Dec 30 22:35:34 -0500 2019","afterHours":"0.0","afterHoursPct":"0.0","afterHoursChg":"0.0","afterHoursTime":"Mon Dec 30 03:55:47 -0500 2019","updateAt":"1577716534628","dividend":"0.0","yield":"0.0","turnover_rate":"","instOwn":"19.0","rise_stop":"0.0","fall_stop":"0.0","currency_unit":"USD","amount":"14399.0","net_assets":"2.9388140663241207","hasexist":"","has_warrant":"0","type":"0","flag":"1","rest_day":"","amplitude":"0.23%","market_status":"交易中","lot_size":"1","min_order_quantity":"0","max_order_quantity":"0","tick_size":"0.01","variable_tick_size":"0.01","kzz_stock_symbol":"","kzz_stock_name":"","kzz_stock_current":"9.74","kzz_convert_price":"0.0","kzz_covert_value":"0.0","kzz_cpr":"0.0","kzz_putback_price":"0.0","kzz_convert_time":"","kzz_redempt_price":"0.0","kzz_straight_price":"0.0","kzz_stock_percent":"","pb":"1.59","benefit_before_tax":"0.0","benefit_after_tax":"0.0","convert_bond_ratio":"","totalissuescale":"","outstandingamt":"","maturitydate":"","remain_year":"","convertrate":"","interestrtmemo":"","release_date":"","circulation":"0.0","par_value":"0.0","due_time":"0.0","value_date":"","due_date":"","publisher":"","redeem_type":"T","issue_type":"","bond_type":"T","warrant":"","sale_rrg":"","rate":"","after_hour_vol":"0","float_shares":"15218000","float_market_capital":"1.4320138E8","disnext_pay_date":"","convert_rate":"","volume_ratio":"0.0","percent5m":"0.0","pankou_ratio":"60.0%","dividend_pay_date":"","ex_dividend_date":"","moving_avg_200_day":"10.72","chg_from_200_day_moving_avg":"-1.31","pct_chg_from_200_day_moving_avg":"-0.1219","moving_avg_50_day":"11.05","chg_from_50_day_moving_avg":"-1.64","pct_chg_from_50_day_moving_avg":"-0.1481","shares_outstanding":"4.0767E7","ebitda":"-4.2E7","short_ratio":"13.19","pe_estimate_next_year":"","peg_ratio":"0.0","eps_estimate_next_year":"0.26","eps_estimate_next_quarter":"0.0","eps_estimate_current_quarter":"-0.39","psr":"61.56","revenue":"6810000.0","profit_margin":"-4.370030837004405"},"PETZ":{"symbol":"PETZ","exchange":"NASDAQ","code":"PETZ","name":"天地荟","current":"1.397","percentage":"0.5","change":"0.0069","open":"1.43","high":"1.43","low":"1.39","close":"1.397","last_close":"1.3901","high52week":"2.5","low52week":"0.45","volume":"1272.0","lot_volume":"1272.0","volumeAverage":"0","marketCapital":"1.7485777E7","eps":"-0.8836775331953519","pe_ttm":"","pe_lyr":"","beta":"0.0","totalShares":"12516662","time":"Mon Dec 30 22:35:07 -0500 2019","afterHours":"0.0","afterHoursPct":"0.0","afterHoursChg":"0.0","afterHoursTime":"Mon Dec 30 03:55:10 -0500 2019","updateAt":"1577716507795","dividend":"0.0","yield":"0.0","turnover_rate":"0.01%","instOwn":"0.0","rise_stop":"0.0","fall_stop":"0.0","currency_unit":"USD","amount":"1788.0","net_assets":"-0.219","hasexist":"","has_warrant":"0","type":"0","flag":"1","rest_day":"","amplitude":"2.88%","market_status":"交易中","lot_size":"1","min_order_quantity":"0","max_order_quantity":"0","tick_size":"0.01","variable_tick_size":"0.0001 1 0.01","kzz_stock_symbol":"","kzz_stock_name":"","kzz_stock_current":"1.56","kzz_convert_price":"0.0","kzz_covert_value":"0.0","kzz_cpr":"0.0","kzz_putback_price":"0.0","kzz_convert_time":"","kzz_redempt_price":"0.0","kzz_straight_price":"0.0","kzz_stock_percent":"","pb":"0.0","benefit_before_tax":"0.0","benefit_after_tax":"0.0","convert_bond_ratio":"","totalissuescale":"","outstandingamt":"","maturitydate":"","remain_year":"","convertrate":"","interestrtmemo":"","release_date":"","circulation":"0.0","par_value":"0.0","due_time":"0.0","value_date":"","due_date":"","publisher":"","redeem_type":"F","issue_type":"","bond_type":"T","warrant":"","sale_rrg":"","rate":"","after_hour_vol":"0","float_shares":"0","float_market_capital":"0.0","disnext_pay_date":"","convert_rate":"","volume_ratio":"0.0","percent5m":"0.0","pankou_ratio":"-33.33%","dividend_pay_date":"","ex_dividend_date":"","moving_avg_200_day":"20.8074","chg_from_200_day_moving_avg":"-4.6439","pct_chg_from_200_day_moving_avg":"-0.223185","moving_avg_50_day":"20.8074","chg_from_50_day_moving_avg":"-4.6439","pct_chg_from_50_day_moving_avg":"-0.223185","shares_outstanding":"9225000.0","ebitda":"0.0","short_ratio":"0.0","pe_estimate_next_year":"","peg_ratio":"0.0","eps_estimate_next_year":"","eps_estimate_next_quarter":"0.0","eps_estimate_current_quarter":"","psr":"","revenue":"","profit_margin":""},"MOXC":{"symbol":"MOXC","exchange":"NASDAQ","code":"MOXC","name":"魔线","current":"2.00","percentage":"0.0","change":"0.00","open":"0.0","high":"0.0","low":"0.0","close":"2.0","last_close":"2.0","high52week":"5.1","low52week":"1.0","volume":"0.0","lot_volume":"0.0","volumeAverage":"0","marketCapital":"2.6943058E7","eps":"-0.22805050562560494","pe_ttm":"","pe_lyr":"","beta":"1.69","totalShares":"13471529","time":"Mon Dec 30 22:30:00 -0500 2019","afterHours":"0.0","afterHoursPct":"0.0","afterHoursChg":"0.0","afterHoursTime":"Mon Dec 30 03:55:09 -0500 2019","updateAt":"1577716200000","dividend":"0.0","yield":"0.0","turnover_rate":"","instOwn":"0.0","rise_stop":"0.0","fall_stop":"0.0","currency_unit":"USD","amount":"0.0","net_assets":"-0.6682","hasexist":"","has_warrant":"0","type":"0","flag":"1","rest_day":"","amplitude":"","market_status":"交易中","lot_size":"1","min_order_quantity":"0","max_order_quantity":"0","tick_size":"0.01","variable_tick_size":"0.0001 1 0.01","kzz_stock_symbol":"","kzz_stock_name":"","kzz_stock_current":"1.98","kzz_convert_price":"0.0","kzz_covert_value":"0.0","kzz_cpr":"0.0","kzz_putback_price":"0.0","kzz_convert_time":"","kzz_redempt_price":"0.0","kzz_straight_price":"0.0","kzz_stock_percent":"","pb":"-1210.0","benefit_before_tax":"0.0","benefit_after_tax":"0.0","convert_bond_ratio":"","totalissuescale":"","outstandingamt":"","maturitydate":"","remain_year":"","convertrate":"","interestrtmemo":"","release_date":"","circulation":"0.0","par_value":"0.0","due_time":"0.0","value_date":"","due_date":"","publisher":"","redeem_type":"F","issue_type":"","bond_type":"T","warrant":"","sale_rrg":"","rate":"","after_hour_vol":"0","float_shares":"883000","float_market_capital":"2136860.0","disnext_pay_date":"","convert_rate":"","volume_ratio":"0.0","percent5m":"0.0","pankou_ratio":"16.98%","dividend_pay_date":"","ex_dividend_date":"","moving_avg_200_day":"2.9643","chg_from_200_day_moving_avg":"-0.546","pct_chg_from_200_day_moving_avg":"-0.184178","moving_avg_50_day":"2.6536","chg_from_50_day_moving_avg":"-0.2353","pct_chg_from_50_day_moving_avg":"-0.08866500000000001","shares_outstanding":"6.7007E7","ebitda":"-8760000.0","short_ratio":"4.99","pe_estimate_next_year":"","peg_ratio":"0.0","eps_estimate_next_year":"","eps_estimate_next_quarter":"0.0","eps_estimate_current_quarter":"","psr":"3435.6926","revenue":"48758.0","profit_margin":"-320.2065507198819"},"SMI":{"symbol":"SMI","exchange":"NYSE","code":"SMI","name":"中芯国际","current":"5.41","percentage":"0.0","change":"0.00","open":"0.0","high":"0.0","low":"0.0","close":"5.41","last_close":"5.41","high52week":"5.96","low52week":"4.0","volume":"0.0","lot_volume":"0.0","volumeAverage":"69921","marketCapital":"5.47105910481E9","eps":"0.1705412137075428","pe_ttm":"46.736","pe_lyr":"40.7726","beta":"0.63","totalShares":"1011286341","time":"Mon Dec 30 22:27:08 -0500 2019","afterHours":"0.0","afterHoursPct":"0.0","afterHoursChg":"0.0","afterHoursTime":"Mon Dec 30 03:55:12 -0500 2019","updateAt":"1577716028331","dividend":"0.0","yield":"0.0","turnover_rate":"","instOwn":"2.58","rise_stop":"0.0","fall_stop":"0.0","currency_unit":"USD","amount":"0.0","net_assets":"1.0975","hasexist":"","has_warrant":"0","type":"0","flag":"1","rest_day":"","amplitude":"","market_status":"交易中","lot_size":"1","min_order_quantity":"0","max_order_quantity":"0","tick_size":"0.01","variable_tick_size":"0.01","kzz_stock_symbol":"","kzz_stock_name":"","kzz_stock_current":"5.39","kzz_convert_price":"0.0","kzz_covert_value":"0.0","kzz_cpr":"0.0","kzz_putback_price":"0.0","kzz_convert_time":"","kzz_redempt_price":"0.0","kzz_straight_price":"0.0","kzz_stock_percent":"","pb":"1.5","benefit_before_tax":"0.0","benefit_after_tax":"0.0","convert_bond_ratio":"","totalissuescale":"","outstandingamt":"","maturitydate":"","remain_year":"","convertrate":"","interestrtmemo":"","release_date":"","circulation":"0.0","par_value":"0.0","due_time":"0.0","value_date":"","due_date":"","publisher":"","redeem_type":"T","issue_type":"","bond_type":"T","warrant":"","sale_rrg":"","rate":"","after_hour_vol":"0","float_shares":"632368000","float_market_capital":"4.79967312E9","disnext_pay_date":"","convert_rate":"","volume_ratio":"0.0","percent5m":"0.0","pankou_ratio":"60.0%","dividend_pay_date":"","ex_dividend_date":"","moving_avg_200_day":"5.56","chg_from_200_day_moving_avg":"2.03","pct_chg_from_200_day_moving_avg":"0.3653","moving_avg_50_day":"6.0","chg_from_50_day_moving_avg":"1.59","pct_chg_from_50_day_moving_avg":"0.2644","shares_outstanding":"1.1E9","ebitda":"1.14E9","short_ratio":"3.2","pe_estimate_next_year":"36.14","peg_ratio":"-6.59","eps_estimate_next_year":"0.21","eps_estimate_next_quarter":"0.06","eps_estimate_current_quarter":"0.14","psr":"2.56","revenue":"3.13E9","profit_margin":"0.1194888178913738"},"SINA":{"symbol":"SINA","exchange":"NASDAQ","code":"SINA","name":"新浪","current":"37.39","percentage":"-1.03","change":"-0.39","open":"37.61","high":"37.755","low":"37.39","close":"37.39","last_close":"37.78","high52week":"70.83","low52week":"31.03","volume":"18345.0","lot_volume":"18345.0","volumeAverage":"1170000","marketCapital":"2.600581099E9","eps":"1.743724351428815","pe_ttm":"21.443","pe_lyr":"20.7115","beta":"1.37","totalShares":"69552851","time":"Mon Dec 30 22:36:35 -0500 2019","afterHours":"37.55","afterHoursPct":"-0.61","afterHoursChg":"-0.23","afterHoursTime":"Mon Dec 30 07:41:47 -0500 2019","updateAt":"1577716595152","dividend":"0.0","yield":"0.0","turnover_rate":"0.03%","instOwn":"64.63","rise_stop":"0.0","fall_stop":"0.0","currency_unit":"USD","amount":"689497.0","net_assets":"40.3533","hasexist":"","has_warrant":"0","type":"0","flag":"1","rest_day":"","amplitude":"0.97%","market_status":"交易中","lot_size":"1","min_order_quantity":"0","max_order_quantity":"0","tick_size":"0.01","variable_tick_size":"0.0001 1 0.01","kzz_stock_symbol":"","kzz_stock_name":"","kzz_stock_current":"40.65","kzz_convert_price":"0.0","kzz_covert_value":"0.0","kzz_cpr":"0.0","kzz_putback_price":"0.0","kzz_convert_time":"","kzz_redempt_price":"0.0","kzz_straight_price":"0.0","kzz_stock_percent":"","pb":"2.86","benefit_before_tax":"0.0","benefit_after_tax":"0.0","convert_bond_ratio":"","totalissuescale":"","outstandingamt":"","maturitydate":"","remain_year":"","convertrate":"","interestrtmemo":"","release_date":"","circulation":"0.0","par_value":"0.0","due_time":"0.0","value_date":"","due_date":"","publisher":"","redeem_type":"T","issue_type":"","bond_type":"T","warrant":"","sale_rrg":"","rate":"","after_hour_vol":"0","float_shares":"61294000","float_market_capital":"6.5982991E9","disnext_pay_date":"","convert_rate":"","volume_ratio":"0.0","percent5m":"0.0","pankou_ratio":"60.0%","dividend_pay_date":"","ex_dividend_date":"","moving_avg_200_day":"97.19","chg_from_200_day_moving_avg":"10.46","pct_chg_from_200_day_moving_avg":"0.1076","moving_avg_50_day":"113.52","chg_from_50_day_moving_avg":"-5.87","pct_chg_from_50_day_moving_avg":"-0.051699999999999996","shares_outstanding":"7.1196E7","ebitda":"2.65149999E8","short_ratio":"0.85","pe_estimate_next_year":"26.98","peg_ratio":"-1.78","eps_estimate_next_year":"3.99","eps_estimate_next_quarter":"0.9","eps_estimate_current_quarter":"2.94","psr":"6.12","revenue":"1.23E9","profit_margin":"0.17654292682926828"},"SORL":{"symbol":"SORL","exchange":"NASDAQ","code":"SORL","name":"瑞立集团","current":"4.46","percentage":"0.45","change":"0.02","open":"4.44","high":"4.46","low":"4.44","close":"4.46","last_close":"4.44","high52week":"4.5","low52week":"1.77","volume":"6969.0","lot_volume":"6969.0","volumeAverage":"25304","marketCapital":"8.6099948E7","eps":"1.1456946651063737","pe_ttm":"3.893","pe_lyr":"6.7605","beta":"2.48","totalShares":"19304921","time":"Mon Dec 30 22:31:53 -0500 2019","afterHours":"0.0","afterHoursPct":"0.0","afterHoursChg":"0.0","afterHoursTime":"Mon Dec 30 03:55:10 -0500 2019","updateAt":"1577716313474","dividend":"0.0","yield":"0.0","turnover_rate":"0.04%","instOwn":"4.02","rise_stop":"0.0","fall_stop":"0.0","currency_unit":"USD","amount":"31012.0","net_assets":"9.7929","hasexist":"","has_warrant":"0","type":"0","flag":"1","rest_day":"","amplitude":"0.45%","market_status":"交易中","lot_size":"1","min_order_quantity":"0","max_order_quantity":"0","tick_size":"0.01","variable_tick_size":"0.0001 1 0.01","kzz_stock_symbol":"","kzz_stock_name":"","kzz_stock_current":"3.23","kzz_convert_price":"0.0","kzz_covert_value":"0.0","kzz_cpr":"0.0","kzz_putback_price":"0.0","kzz_convert_time":"","kzz_redempt_price":"0.0","kzz_straight_price":"0.0","kzz_stock_percent":"","pb":"0.58","benefit_before_tax":"0.0","benefit_after_tax":"0.0","convert_bond_ratio":"","totalissuescale":"","outstandingamt":"","maturitydate":"","remain_year":"","convertrate":"","interestrtmemo":"","release_date":"","circulation":"0.0","par_value":"0.0","due_time":"0.0","value_date":"","due_date":"","publisher":"","redeem_type":"F","issue_type":"","bond_type":"T","warrant":"","sale_rrg":"","rate":"","after_hour_vol":"0","float_shares":"7945000","float_market_capital":"3.71826E7","disnext_pay_date":"","convert_rate":"","volume_ratio":"0.0","percent5m":"0.0","pankou_ratio":"0.0%","dividend_pay_date":"","ex_dividend_date":"","moving_avg_200_day":"5.79","chg_from_200_day_moving_avg":"-1.11","pct_chg_from_200_day_moving_avg":"-0.19140000000000001","moving_avg_50_day":"4.46","chg_from_50_day_moving_avg":"0.22","pct_chg_from_50_day_moving_avg":"0.048499999999999995","shares_outstanding":"1.9304E7","ebitda":"4.081E7","short_ratio":"2.34","pe_estimate_next_year":"3.44","peg_ratio":"0.73","eps_estimate_next_year":"1.36","eps_estimate_next_quarter":"0.41","eps_estimate_current_quarter":"1.26","psr":"0.3","revenue":"3.0886E8","profit_margin":"0.07875101987955709"},"SINO":{"symbol":"SINO","exchange":"NASDAQ","code":"SINO","name":"中环球船务","current":"0.4623","percentage":"0.48","change":"0.0022","open":"0.46","high":"0.4623","low":"0.46","close":"0.4623","last_close":"0.4601","high52week":"1.07","low52week":"0.4013","volume":"3507.0","lot_volume":"3507.0","volumeAverage":"24039","marketCapital":"7969607.0","eps":"-0.3970311682723345","pe_ttm":"","pe_lyr":"","beta":"2.58","totalShares":"17239037","time":"Mon Dec 30 22:31:43 -0500 2019","afterHours":"0.0","afterHoursPct":"0.0","afterHoursChg":"0.0","afterHoursTime":"Mon Dec 30 03:55:11 -0500 2019","updateAt":"1577716303390","dividend":"0.0","yield":"0.0","turnover_rate":"0.02%","instOwn":"1.0","rise_stop":"0.0","fall_stop":"0.0","currency_unit":"USD","amount":"1617.0","net_assets":"1.1227","hasexist":"","has_warrant":"0","type":"0","flag":"1","rest_day":"","amplitude":"0.50%","market_status":"交易中","lot_size":"1","min_order_quantity":"0","max_order_quantity":"0","tick_size":"0.0001","variable_tick_size":"0.0001 1 0.01","kzz_stock_symbol":"","kzz_stock_name":"","kzz_stock_current":"0.77","kzz_convert_price":"0.0","kzz_covert_value":"0.0","kzz_cpr":"0.0","kzz_putback_price":"0.0","kzz_convert_time":"","kzz_redempt_price":"0.0","kzz_straight_price":"0.0","kzz_stock_percent":"","pb":"1.41","benefit_before_tax":"0.0","benefit_after_tax":"0.0","convert_bond_ratio":"","totalissuescale":"","outstandingamt":"","maturitydate":"","remain_year":"","convertrate":"","interestrtmemo":"","release_date":"","circulation":"0.0","par_value":"0.0","due_time":"0.0","value_date":"","due_date":"","publisher":"","redeem_type":"F","issue_type":"","bond_type":"T","warrant":"","sale_rrg":"","rate":"","after_hour_vol":"0","float_shares":"6130000","float_market_capital":"1.67349E7","disnext_pay_date":"","convert_rate":"","volume_ratio":"0.0","percent5m":"0.0","pankou_ratio":"-84.21%","dividend_pay_date":"","ex_dividend_date":"","moving_avg_200_day":"3.03","chg_from_200_day_moving_avg":"-0.3","pct_chg_from_200_day_moving_avg":"-0.0975","moving_avg_50_day":"3.06","chg_from_50_day_moving_avg":"-0.33","pct_chg_from_50_day_moving_avg":"-0.1066","shares_outstanding":"1.0105E7","ebitda":"3340000.0","short_ratio":"6.29","pe_estimate_next_year":"","peg_ratio":"0.0","eps_estimate_next_year":"","eps_estimate_next_quarter":"0.0","eps_estimate_current_quarter":"","psr":"2.42","revenue":"1.145E7","profit_margin":"0.36183842794759824"},"SYMX":{"symbol":"SYMX","exchange":"NASDAQ","code":"SYMX","name":"Synthesis Energy Systems, Inc.","current":"0.38","percentage":"0.0","change":"0.00","open":"0.0","high":"0.0","low":"0.0","close":"0.38","last_close":"0.38","high52week":"1.28","low52week":"0.32","volume":"0.0","lot_volume":"0.0","volumeAverage":"96716","marketCapital":"3.4054E7","eps":"-0.32901921363459824","pe_ttm":"","pe_lyr":"","beta":"0.45","totalShares":"87542000","time":"Mon Dec 30 22:27:08 -0500 2019","afterHours":"0.0","afterHoursPct":"0.0","afterHoursChg":"0.0","afterHoursTime":"Mon Dec 30 03:55:12 -0500 2019","updateAt":"1577716028654","dividend":"0.0","yield":"0.0","turnover_rate":"","instOwn":"14.0","rise_stop":"0.0","fall_stop":"0.0","currency_unit":"USD","amount":"0.0","net_assets":"0.17","hasexist":"","has_warrant":"0","type":"0","flag":"1","rest_day":"","amplitude":"","market_status":"交易中","lot_size":"1","min_order_quantity":"0","max_order_quantity":"0","tick_size":"0.01","variable_tick_size":"0.0001 1 0.01","kzz_stock_symbol":"","kzz_stock_name":"","kzz_stock_current":"0.37","kzz_convert_price":"0.0","kzz_covert_value":"0.0","kzz_cpr":"0.0","kzz_putback_price":"0.0","kzz_convert_time":"","kzz_redempt_price":"0.0","kzz_straight_price":"0.0","kzz_stock_percent":"","pb":"1.13","benefit_before_tax":"0.0","benefit_after_tax":"0.0","convert_bond_ratio":"","totalissuescale":"","outstandingamt":"","maturitydate":"","remain_year":"","convertrate":"","interestrtmemo":"","release_date":"","circulation":"0.0","par_value":"0.0","due_time":"0.0","value_date":"","due_date":"","publisher":"","redeem_type":"T","issue_type":"","bond_type":"F","warrant":"","sale_rrg":"","rate":"","after_hour_vol":"0","float_shares":"62856000","float_market_capital":"2.765664E7","disnext_pay_date":"","convert_rate":"","volume_ratio":"0.0","percent5m":"0.0","pankou_ratio":"-71.43%","dividend_pay_date":"","ex_dividend_date":"","moving_avg_200_day":"0.58","chg_from_200_day_moving_avg":"-0.14","pct_chg_from_200_day_moving_avg":"-0.2357","moving_avg_50_day":"0.47","chg_from_50_day_moving_avg":"-0.03","pct_chg_from_50_day_moving_avg":"-0.0721","shares_outstanding":"8.731E7","ebitda":"-1.242E7","short_ratio":"3.67","pe_estimate_next_year":"","peg_ratio":"0.0","eps_estimate_next_year":"","eps_estimate_next_quarter":"0.0","eps_estimate_current_quarter":"-0.12","psr":"6.78","revenue":"5670000.0","profit_margin":"-3.0797178130511464"},"SVA":{"symbol":"SVA","exchange":"NASDAQ","code":"SVA","name":"科兴生物","current":"6.47","percentage":"0.0","change":"0.00","open":"0.0","high":"0.0","low":"0.0","close":"6.47","last_close":"6.47","high52week":"7.1","low52week":"6.2501","volume":"0.0","lot_volume":"0.0","volumeAverage":"74112","marketCapital":"4.60249286E8","eps":"0.2891507582205115","pe_ttm":"22.376","pe_lyr":"21.1298","beta":"0.23","totalShares":"71135902","time":"Mon Dec 30 22:27:07 -0500 2019","afterHours":"0.0","afterHoursPct":"0.0","afterHoursChg":"0.0","afterHoursTime":"Mon Dec 30 03:55:11 -0500 2019","updateAt":"1577716027893","dividend":"0.0","yield":"0.0","turnover_rate":"","instOwn":"10.88","rise_stop":"0.0","fall_stop":"0.0","currency_unit":"USD","amount":"0.0","net_assets":"3.7435","hasexist":"","has_warrant":"0","type":"0","flag":"2","rest_day":"","amplitude":"","market_status":"交易中","lot_size":"1","min_order_quantity":"0","max_order_quantity":"0","tick_size":"0.01","variable_tick_size":"0.0001 1 0.01","kzz_stock_symbol":"","kzz_stock_name":"","kzz_stock_current":"6.49","kzz_convert_price":"0.0","kzz_covert_value":"0.0","kzz_cpr":"0.0","kzz_putback_price":"0.0","kzz_convert_time":"","kzz_redempt_price":"0.0","kzz_straight_price":"0.0","kzz_stock_percent":"","pb":"3.56","benefit_before_tax":"0.0","benefit_after_tax":"0.0","convert_bond_ratio":"","totalissuescale":"","outstandingamt":"","maturitydate":"","remain_year":"","convertrate":"","interestrtmemo":"","release_date":"","circulation":"0.0","par_value":"0.0","due_time":"0.0","value_date":"","due_date":"","publisher":"","redeem_type":"F","issue_type":"0","bond_type":"T","warrant":"","sale_rrg":"0","rate":"","after_hour_vol":"0","float_shares":"27351000","float_market_capital":"1.969272E8","disnext_pay_date":"","convert_rate":"","volume_ratio":"0.0","percent5m":"0.0","pankou_ratio":"50.0%","dividend_pay_date":"","ex_dividend_date":"","moving_avg_200_day":"6.33","chg_from_200_day_moving_avg":"0.87","pct_chg_from_200_day_moving_avg":"0.13720000000000002","moving_avg_50_day":"6.99","chg_from_50_day_moving_avg":"0.21","pct_chg_from_50_day_moving_avg":"0.0298","shares_outstanding":"5.6968E7","ebitda":"-837000.0","short_ratio":"1.53","pe_estimate_next_year":"","peg_ratio":"0.0","eps_estimate_next_year":"0.05","eps_estimate_next_quarter":"0.0","eps_estimate_current_quarter":"-0.05","psr":"6.29","revenue":"6.4019999E7","profit_margin":"-0.07118775493889026"},"WINS":{"symbol":"WINS","exchange":"NASDAQ","code":"WINS","name":"稳盛金融","current":"10.9028","percentage":"0.0","change":"0.00","open":"0.0","high":"0.0","low":"0.0","close":"10.9028","last_close":"10.9028","high52week":"68.0","low52week":"7.26","volume":"0.0","lot_volume":"0.0","volumeAverage":"0","marketCapital":"2.16285843E8","eps":"0.21604588892167728","pe_ttm":"50.465","pe_lyr":"20.5989","beta":"2.53","totalShares":"19837642","time":"Mon Dec 30 22:30:00 -0500 2019","afterHours":"0.0","afterHoursPct":"0.0","afterHoursChg":"0.0","afterHoursTime":"Mon Dec 30 03:55:54 -0500 2019","updateAt":"1577716200000","dividend":"0.0","yield":"0.0","turnover_rate":"","instOwn":"0.0","rise_stop":"0.0","fall_stop":"0.0","currency_unit":"USD","amount":"0.0","net_assets":"13.4598","hasexist":"","has_warrant":"0","type":"0","flag":"1","rest_day":"","amplitude":"","market_status":"交易中","lot_size":"1","min_order_quantity":"0","max_order_quantity":"0","tick_size":"0.01","variable_tick_size":"0.0001 1 0.01","kzz_stock_symbol":"","kzz_stock_name":"","kzz_stock_current":"11.95","kzz_convert_price":"0.0","kzz_covert_value":"0.0","kzz_cpr":"0.0","kzz_putback_price":"0.0","kzz_convert_time":"","kzz_redempt_price":"0.0","kzz_straight_price":"0.0","kzz_stock_percent":"","pb":"16.78","benefit_before_tax":"0.0","benefit_after_tax":"0.0","convert_bond_ratio":"","totalissuescale":"","outstandingamt":"","maturitydate":"","remain_year":"","convertrate":"","interestrtmemo":"","release_date":"","circulation":"0.0","par_value":"0.0","due_time":"0.0","value_date":"","due_date":"","publisher":"","redeem_type":"F","issue_type":"0","bond_type":"T","warrant":"","sale_rrg":"0","rate":"","after_hour_vol":"0","float_shares":"16052000","float_market_capital":"3.29082052E9","disnext_pay_date":"","convert_rate":"","volume_ratio":"0.0","percent5m":"0.0","pankou_ratio":"0.0%","dividend_pay_date":"","ex_dividend_date":"","moving_avg_200_day":"162.74","chg_from_200_day_moving_avg":"42.27","pct_chg_from_200_day_moving_avg":"0.2597","moving_avg_50_day":"205.01","chg_from_50_day_moving_avg":"0.0","pct_chg_from_50_day_moving_avg":"0.0","shares_outstanding":"1.9837E7","ebitda":"1.928E7","short_ratio":"4.78","pe_estimate_next_year":"","peg_ratio":"0.0","eps_estimate_next_year":"","eps_estimate_next_quarter":"0.0","eps_estimate_current_quarter":"0.25","psr":"70.3","revenue":"2.286E7","profit_margin":"0.6768530183727034"},"TANH":{"symbol":"TANH","exchange":"NASDAQ","code":"TANH","name":"碳博士控股","current":"1.85","percentage":"2.78","change":"0.05","open":"1.81","high":"1.85","low":"1.81","close":"1.85","last_close":"1.8","high52week":"2.55","low52week":"1.4","volume":"29863.0","lot_volume":"29863.0","volumeAverage":"100147","marketCapital":"5.3378498E7","eps":"0.022478201929613317","pe_ttm":"82.302","pe_lyr":"27.0029","beta":"-1.2","totalShares":"28853242","time":"Mon Dec 30 22:37:17 -0500 2019","afterHours":"1.82","afterHoursPct":"1.11","afterHoursChg":"0.02","afterHoursTime":"Mon Dec 30 09:29:46 -0500 2019","updateAt":"1577716637794","dividend":"0.0","yield":"0.0","turnover_rate":"0.10%","instOwn":"0.0","rise_stop":"0.0","fall_stop":"0.0","currency_unit":"USD","amount":"54858.0","net_assets":"3.4193","hasexist":"","has_warrant":"0","type":"0","flag":"1","rest_day":"","amplitude":"2.22%","market_status":"交易中","lot_size":"1","min_order_quantity":"0","max_order_quantity":"0","tick_size":"0.01","variable_tick_size":"0.0001 1 0.01","kzz_stock_symbol":"","kzz_stock_name":"","kzz_stock_current":"1.48","kzz_convert_price":"0.0","kzz_covert_value":"0.0","kzz_cpr":"0.0","kzz_putback_price":"0.0","kzz_convert_time":"","kzz_redempt_price":"0.0","kzz_straight_price":"0.0","kzz_stock_percent":"","pb":"0.85","benefit_before_tax":"0.0","benefit_after_tax":"0.0","convert_bond_ratio":"","totalissuescale":"","outstandingamt":"","maturitydate":"","remain_year":"","convertrate":"","interestrtmemo":"","release_date":"","circulation":"0.0","par_value":"0.0","due_time":"0.0","value_date":"","due_date":"","publisher":"","redeem_type":"F","issue_type":"0","bond_type":"T","warrant":"","sale_rrg":"0","rate":"","after_hour_vol":"0","float_shares":"10564000","float_market_capital":"2.95792E7","disnext_pay_date":"","convert_rate":"","volume_ratio":"0.0","percent5m":"0.0","pankou_ratio":"25.0%","dividend_pay_date":"","ex_dividend_date":"","moving_avg_200_day":"3.2","chg_from_200_day_moving_avg":"-0.4","pct_chg_from_200_day_moving_avg":"-0.1261","moving_avg_50_day":"3.19","chg_from_50_day_moving_avg":"-0.39","pct_chg_from_50_day_moving_avg":"-0.1225","shares_outstanding":"2.4311E7","ebitda":"7660000.0","short_ratio":"0.24","pe_estimate_next_year":"","peg_ratio":"0.0","eps_estimate_next_year":"","eps_estimate_next_quarter":"0.0","eps_estimate_current_quarter":"","psr":"1.41","revenue":"4.767E7","profit_margin":"0.09689720998531572"},"NQ":{"symbol":"NQ","exchange":"NYSE","code":"NQ","name":"网秦","current":"2.20","percentage":"0.0","change":"0.00","open":"0.0","high":"0.0","low":"0.0","close":"2.2","last_close":"2.2","high52week":"4.68","low52week":"1.5905","volume":"0.0","lot_volume":"0.0","volumeAverage":"989250","marketCapital":"2.02109118E8","eps":"-2.29","pe_ttm":"","pe_lyr":"","beta":"1.53","totalShares":"91867781","time":"Mon Dec 30 22:27:06 -0500 2019","afterHours":"0.0","afterHoursPct":"0.0","afterHoursChg":"0.0","afterHoursTime":"Mon Dec 30 03:55:10 -0500 2019","updateAt":"1577716026775","dividend":"0.0","yield":"0.0","turnover_rate":"","instOwn":"3.0","rise_stop":"0.0","fall_stop":"0.0","currency_unit":"USD","amount":"0.0","net_assets":"2.95","hasexist":"","has_warrant":"0","type":"0","flag":"3","rest_day":"","amplitude":"","market_status":"交易中","lot_size":"1","min_order_quantity":"0","max_order_quantity":"0","tick_size":"0.01","variable_tick_size":"0.0001 1 0.01","kzz_stock_symbol":"","kzz_stock_name":"","kzz_stock_current":"2.23","kzz_convert_price":"0.0","kzz_covert_value":"0.0","kzz_cpr":"0.0","kzz_putback_price":"0.0","kzz_convert_time":"","kzz_redempt_price":"0.0","kzz_straight_price":"0.0","kzz_stock_percent":"","pb":"0.95","benefit_before_tax":"0.0","benefit_after_tax":"0.0","convert_bond_ratio":"","totalissuescale":"","outstandingamt":"","maturitydate":"","remain_year":"","convertrate":"","interestrtmemo":"","release_date":"","circulation":"0.0","par_value":"0.0","due_time":"0.0","value_date":"","due_date":"","publisher":"","redeem_type":"F","issue_type":"","bond_type":"F","warrant":"","sale_rrg":"","rate":"","after_hour_vol":"0","float_shares":"97246000","float_market_capital":"3.5786528E8","disnext_pay_date":"","convert_rate":"","volume_ratio":"0.0","percent5m":"0.0","pankou_ratio":"94.17%","dividend_pay_date":"","ex_dividend_date":"","moving_avg_200_day":"3.54","chg_from_200_day_moving_avg":"0.14","pct_chg_from_200_day_moving_avg":"0.0405","moving_avg_50_day":"3.56","chg_from_50_day_moving_avg":"0.12","pct_chg_from_50_day_moving_avg":"0.0333","shares_outstanding":"1.07806E8","ebitda":"2270000.0","short_ratio":"13.5","pe_estimate_next_year":"","peg_ratio":"0.0","eps_estimate_next_year":"0.46","eps_estimate_next_quarter":"0.0","eps_estimate_current_quarter":"0.23","psr":"1.24","revenue":"3.4305E8","profit_margin":"-0.4053920419763883"},"NTP":{"symbol":"NTP","exchange":"NYSE","code":"NTP","name":"南太集团","current":"8.52","percentage":"0.0","change":"0.00","open":"0.0","high":"0.0","low":"0.0","close":"8.52","last_close":"8.52","high52week":"10.75","low52week":"7.89","volume":"0.0","lot_volume":"0.0","volumeAverage":"208452","marketCapital":"3.2752584E8","eps":"-0.461812600801207","pe_ttm":"","pe_lyr":"","beta":"0.1","totalShares":"38442000","time":"Mon Dec 30 22:27:06 -0500 2019","afterHours":"0.0","afterHoursPct":"0.0","afterHoursChg":"0.0","afterHoursTime":"Mon Dec 30 03:55:08 -0500 2019","updateAt":"1577716026155","dividend":"0.28","yield":"2.292576419213974","turnover_rate":"","instOwn":"30.8","rise_stop":"0.0","fall_stop":"0.0","currency_unit":"USD","amount":"0.0","net_assets":"5.5673","hasexist":"","has_warrant":"0","type":"0","flag":"1","rest_day":"","amplitude":"","market_status":"交易中","lot_size":"1","min_order_quantity":"0","max_order_quantity":"0","tick_size":"0.01","variable_tick_size":"0.01","kzz_stock_symbol":"","kzz_stock_name":"","kzz_stock_current":"8.7","kzz_convert_price":"0.0","kzz_covert_value":"0.0","kzz_cpr":"0.0","kzz_putback_price":"0.0","kzz_convert_time":"","kzz_redempt_price":"0.0","kzz_straight_price":"0.0","kzz_stock_percent":"","pb":"1.81","benefit_before_tax":"0.0","benefit_after_tax":"0.0","convert_bond_ratio":"","totalissuescale":"","outstandingamt":"","maturitydate":"","remain_year":"","convertrate":"","interestrtmemo":"","release_date":"","circulation":"0.0","par_value":"0.0","due_time":"0.0","value_date":"","due_date":"","publisher":"","redeem_type":"F","issue_type":"0","bond_type":"T","warrant":"","sale_rrg":"0","rate":"","after_hour_vol":"0","float_shares":"22033000","float_market_capital":"2.665993E8","disnext_pay_date":"","convert_rate":"","volume_ratio":"0.0","percent5m":"0.0","pankou_ratio":"80.65%","dividend_pay_date":"Fri Oct 20 00:00:00 CST 2017","ex_dividend_date":"Thu Sep 28 00:00:00 CST 2017","moving_avg_200_day":"9.5","chg_from_200_day_moving_avg":"2.6","pct_chg_from_200_day_moving_avg":"0.2732","moving_avg_50_day":"11.3","chg_from_50_day_moving_avg":"0.8","pct_chg_from_50_day_moving_avg":"0.0712","shares_outstanding":"3.6575E7","ebitda":"-6520000.0","short_ratio":"1.54","pe_estimate_next_year":"","peg_ratio":"0.0","eps_estimate_next_year":"","eps_estimate_next_quarter":"0.0","eps_estimate_current_quarter":"","psr":"190.49","revenue":"2350000.0","profit_margin":"-1.2451063829787234"},"SVM":{"symbol":"SVM","exchange":"AMEX","code":"SVM","name":"希尔威","current":"5.68","percentage":"0.71","change":"0.04","open":"5.7","high":"5.7","low":"5.64","close":"5.68","last_close":"5.64","high52week":"5.92","low52week":"1.96","volume":"81404.0","lot_volume":"81404.0","volumeAverage":"832649","marketCapital":"9.79228921E8","eps":"0.24019797092401532","pe_ttm":"23.647","pe_lyr":"24.6508","beta":"1.24","totalShares":"172399458","time":"Mon Dec 30 22:37:18 -0500 2019","afterHours":"5.69","afterHoursPct":"0.89","afterHoursChg":"0.05","afterHoursTime":"Mon Dec 30 09:30:00 -0500 2019","updateAt":"1577716638610","dividend":"0.025","yield":"0.44326","turnover_rate":"0.05%","instOwn":"26.65","rise_stop":"0.0","fall_stop":"0.0","currency_unit":"USD","amount":"462375.0","net_assets":"2.0879","hasexist":"","has_warrant":"0","type":"0","flag":"1","rest_day":"","amplitude":"1.06%","market_status":"交易中","lot_size":"1","min_order_quantity":"0","max_order_quantity":"0","tick_size":"0.01","variable_tick_size":"0.01","kzz_stock_symbol":"","kzz_stock_name":"","kzz_stock_current":"4.9","kzz_convert_price":"0.0","kzz_covert_value":"0.0","kzz_cpr":"0.0","kzz_putback_price":"0.0","kzz_convert_time":"","kzz_redempt_price":"0.0","kzz_straight_price":"0.0","kzz_stock_percent":"","pb":"1.53","benefit_before_tax":"0.0","benefit_after_tax":"0.0","convert_bond_ratio":"","totalissuescale":"","outstandingamt":"","maturitydate":"","remain_year":"","convertrate":"","interestrtmemo":"","release_date":"","circulation":"0.0","par_value":"0.0","due_time":"0.0","value_date":"","due_date":"","publisher":"","redeem_type":"T","issue_type":"","bond_type":"T","warrant":"","sale_rrg":"","rate":"","after_hour_vol":"0","float_shares":"161955000","float_market_capital":"4.113657E8","disnext_pay_date":"","convert_rate":"","volume_ratio":"0.0","percent5m":"0.0","pankou_ratio":"-82.98%","dividend_pay_date":"Fri Jun 30 00:00:00 CST 2017","ex_dividend_date":"Wed Jun 07 00:00:00 CST 2017","moving_avg_200_day":"2.89","chg_from_200_day_moving_avg":"-0.35","pct_chg_from_200_day_moving_avg":"-0.12","moving_avg_50_day":"2.76","chg_from_50_day_moving_avg":"-0.22","pct_chg_from_50_day_moving_avg":"-0.0801","shares_outstanding":"1.67892E8","ebitda":"9.153E7","short_ratio":"1.44","pe_estimate_next_year":"","peg_ratio":"0.0","eps_estimate_next_year":"0.19","eps_estimate_next_quarter":"0.0","eps_estimate_current_quarter":"0.03","psr":"2.55","revenue":"1.679E8","profit_margin":"0.2799866587254318"},"WB":{"symbol":"WB","exchange":"NASDAQ","code":"WB","name":"微博","current":"46.4552","percentage":"-1.31","change":"-0.6148","open":"46.99","high":"46.99","low":"46.4552","close":"46.4552","last_close":"47.07","high52week":"74.68","low52week":"34.2638","volume":"36266.0","lot_volume":"36266.0","volumeAverage":"539520","marketCapital":"1.0454050438E10","eps":"2.5156698112739275","pe_ttm":"18.466","pe_lyr":"18.282","beta":"2.23","totalShares":"225035097","time":"Mon Dec 30 22:37:18 -0500 2019","afterHours":"46.9","afterHoursPct":"-0.36","afterHoursChg":"-0.17","afterHoursTime":"Mon Dec 30 09:28:00 -0500 2019","updateAt":"1577716638536","dividend":"0.0","yield":"0.0","turnover_rate":"0.02%","instOwn":"7.0","rise_stop":"0.0","fall_stop":"0.0","currency_unit":"USD","amount":"1694855.0","net_assets":"9.4427","hasexist":"","has_warrant":"0","type":"0","flag":"1","rest_day":"","amplitude":"1.14%","market_status":"交易中","lot_size":"1","min_order_quantity":"0","max_order_quantity":"0","tick_size":"0.01","variable_tick_size":"0.0001 1 0.01","kzz_stock_symbol":"","kzz_stock_name":"","kzz_stock_current":"50.22","kzz_convert_price":"0.0","kzz_covert_value":"0.0","kzz_cpr":"0.0","kzz_putback_price":"0.0","kzz_convert_time":"","kzz_redempt_price":"0.0","kzz_straight_price":"0.0","kzz_stock_percent":"","pb":"22.06","benefit_before_tax":"0.0","benefit_after_tax":"0.0","convert_bond_ratio":"","totalissuescale":"","outstandingamt":"","maturitydate":"","remain_year":"","convertrate":"","interestrtmemo":"","release_date":"","circulation":"0.0","par_value":"0.0","due_time":"0.0","value_date":"","due_date":"","publisher":"","redeem_type":"T","issue_type":"","bond_type":"T","warrant":"","sale_rrg":"","rate":"","after_hour_vol":"0","float_shares":"0","float_market_capital":"3.1711521E9","disnext_pay_date":"","convert_rate":"","volume_ratio":"0.0","percent5m":"0.0","pankou_ratio":"20.0%","dividend_pay_date":"","ex_dividend_date":"","moving_avg_200_day":"0.0","chg_from_200_day_moving_avg":"92.65","pct_chg_from_200_day_moving_avg":"","moving_avg_50_day":"0.0","chg_from_50_day_moving_avg":"92.65","pct_chg_from_50_day_moving_avg":"","shares_outstanding":"","ebitda":"0.0","short_ratio":"0.0","pe_estimate_next_year":"","peg_ratio":"0.0","eps_estimate_next_year":"2.58","eps_estimate_next_quarter":"0.0","eps_estimate_current_quarter":"1.64","psr":"","revenue":"","profit_margin":"0.21414272144383756"},"PTR":{"symbol":"PTR","exchange":"NYSE","code":"PTR","name":"中石油","current":"50.08","percentage":"0.04","change":"0.02","open":"50.16","high":"50.22","low":"50.08","close":"50.08","last_close":"50.06","high52week":"68.8","low52week":"44.8","volume":"2389.0","lot_volume":"2389.0","volumeAverage":"131769","marketCapital":"9.1656905682E10","eps":"3.2203844319774957","pe_ttm":"15.551","pe_lyr":"12.1776","beta":"1.18","totalShares":"1830209778","time":"Mon Dec 30 22:36:02 -0500 2019","afterHours":"50.06","afterHoursPct":"0.0","afterHoursChg":"0.0","afterHoursTime":"Mon Dec 30 09:01:17 -0500 2019","updateAt":"1577716562252","dividend":"1.69099","yield":"3.37792","turnover_rate":"","instOwn":"0.26","rise_stop":"0.0","fall_stop":"0.0","currency_unit":"USD","amount":"119816.0","net_assets":"95.81118600890187","hasexist":"","has_warrant":"0","type":"0","flag":"1","rest_day":"","amplitude":"0.28%","market_status":"交易中","lot_size":"1","min_order_quantity":"0","max_order_quantity":"0","tick_size":"0.01","variable_tick_size":"0.01","kzz_stock_symbol":"","kzz_stock_name":"","kzz_stock_current":"47.15","kzz_convert_price":"0.0","kzz_covert_value":"0.0","kzz_cpr":"0.0","kzz_putback_price":"0.0","kzz_convert_time":"","kzz_redempt_price":"0.0","kzz_straight_price":"0.0","kzz_stock_percent":"","pb":"0.66","benefit_before_tax":"0.0","benefit_after_tax":"0.0","convert_bond_ratio":"","totalissuescale":"","outstandingamt":"","maturitydate":"","remain_year":"","convertrate":"","interestrtmemo":"","release_date":"","circulation":"0.0","par_value":"0.0","due_time":"0.0","value_date":"","due_date":"","publisher":"","redeem_type":"T","issue_type":"","bond_type":"T","warrant":"","sale_rrg":"","rate":"","after_hour_vol":"0","float_shares":"271731000","float_market_capital":"1.77983805E10","disnext_pay_date":"","convert_rate":"","volume_ratio":"0.0","percent5m":"0.0","pankou_ratio":"-33.33%","dividend_pay_date":"Mon Nov 06 00:00:00 CST 2017","ex_dividend_date":"Wed Sep 06 00:00:00 CST 2017","moving_avg_200_day":"64.9","chg_from_200_day_moving_avg":"0.6","pct_chg_from_200_day_moving_avg":"0.009300000000000001","moving_avg_50_day":"64.01","chg_from_50_day_moving_avg":"1.49","pct_chg_from_50_day_moving_avg":"0.0233","shares_outstanding":"1.830209E9","ebitda":"4.39E10","short_ratio":"1.58","pe_estimate_next_year":"25.19","peg_ratio":"0.37","eps_estimate_next_year":"2.6","eps_estimate_next_quarter":"0.0","eps_estimate_current_quarter":"2.08","psr":"0.43","revenue":"2.7908E11","profit_margin":"0.01049281353017056"},"SOHU":{"symbol":"SOHU","exchange":"NASDAQ","code":"SOHU","name":"搜狐","current":"10.71","percentage":"-0.56","change":"-0.06","open":"10.81","high":"10.81","low":"10.66","close":"10.71","last_close":"10.77","high52week":"22.7081","low52week":"8.79","volume":"7516.0","lot_volume":"7516.0","volumeAverage":"337185","marketCapital":"4.20137642E8","eps":"-2.9978430498735387","pe_ttm":"","pe_lyr":"","beta":"1.46","totalShares":"39228538","time":"Mon Dec 30 22:36:39 -0500 2019","afterHours":"10.81","afterHoursPct":"0.37","afterHoursChg":"0.04","afterHoursTime":"Mon Dec 30 09:29:59 -0500 2019","updateAt":"1577716599074","dividend":"0.0","yield":"0.0","turnover_rate":"0.02%","instOwn":"55.55","rise_stop":"0.0","fall_stop":"0.0","currency_unit":"USD","amount":"80812.0","net_assets":"11.4842","hasexist":"","has_warrant":"0","type":"0","flag":"1","rest_day":"","amplitude":"1.39%","market_status":"交易中","lot_size":"1","min_order_quantity":"0","max_order_quantity":"0","tick_size":"0.01","variable_tick_size":"0.0001 1 0.01","kzz_stock_symbol":"","kzz_stock_name":"","kzz_stock_current":"10.75","kzz_convert_price":"0.0","kzz_covert_value":"0.0","kzz_cpr":"0.0","kzz_putback_price":"0.0","kzz_convert_time":"","kzz_redempt_price":"0.0","kzz_straight_price":"0.0","kzz_stock_percent":"","pb":"2.59","benefit_before_tax":"0.0","benefit_after_tax":"0.0","convert_bond_ratio":"","totalissuescale":"","outstandingamt":"","maturitydate":"","remain_year":"","convertrate":"","interestrtmemo":"","release_date":"","circulation":"0.0","par_value":"0.0","due_time":"0.0","value_date":"","due_date":"","publisher":"","redeem_type":"T","issue_type":"0","bond_type":"F","warrant":"","sale_rrg":"0","rate":"","after_hour_vol":"0","float_shares":"28386000","float_market_capital":"1.62453078E9","disnext_pay_date":"","convert_rate":"","volume_ratio":"0.0","percent5m":"0.0","pankou_ratio":"77.78%","dividend_pay_date":"","ex_dividend_date":"","moving_avg_200_day":"50.23","chg_from_200_day_moving_avg":"7.0","pct_chg_from_200_day_moving_avg":"0.1393","moving_avg_50_day":"58.72","chg_from_50_day_moving_avg":"-1.49","pct_chg_from_50_day_moving_avg":"-0.0253","shares_outstanding":"3.8867E7","ebitda":"8.489E7","short_ratio":"2.65","pe_estimate_next_year":"","peg_ratio":"-0.45","eps_estimate_next_year":"-2.94","eps_estimate_next_quarter":"-0.42","eps_estimate_current_quarter":"-6.69","psr":"1.33","revenue":"1.66E9","profit_margin":"-0.1805208253012048"},"VNET":{"symbol":"VNET","exchange":"NASDAQ","code":"VNET","name":"世纪互联","current":"6.98","percentage":"8.89","change":"0.57","open":"7.1","high":"7.1","low":"6.72","close":"6.98","last_close":"6.41","high52week":"11.0","low52week":"6.31","volume":"41727.0","lot_volume":"41727.0","volumeAverage":"740492","marketCapital":"7.84501123E8","eps":"-0.35646288567359025","pe_ttm":"","pe_lyr":"","beta":"1.03","totalShares":"112392711","time":"Mon Dec 30 22:37:10 -0500 2019","afterHours":"6.98","afterHoursPct":"8.89","afterHoursChg":"0.57","afterHoursTime":"Mon Dec 30 09:28:00 -0500 2019","updateAt":"1577716630739","dividend":"0.0","yield":"0.0","turnover_rate":"0.04%","instOwn":"16.0","rise_stop":"0.0","fall_stop":"0.0","currency_unit":"USD","amount":"291964.0","net_assets":"6.2581683912240775","hasexist":"","has_warrant":"0","type":"0","flag":"1","rest_day":"","amplitude":"5.93%","market_status":"交易中","lot_size":"1","min_order_quantity":"0","max_order_quantity":"0","tick_size":"0.01","variable_tick_size":"0.0001 1 0.01","kzz_stock_symbol":"","kzz_stock_name":"","kzz_stock_current":"8.6","kzz_convert_price":"0.0","kzz_covert_value":"0.0","kzz_cpr":"0.0","kzz_putback_price":"0.0","kzz_convert_time":"","kzz_redempt_price":"0.0","kzz_straight_price":"0.0","kzz_stock_percent":"","pb":"0.97","benefit_before_tax":"0.0","benefit_after_tax":"0.0","convert_bond_ratio":"","totalissuescale":"","outstandingamt":"","maturitydate":"","remain_year":"","convertrate":"","interestrtmemo":"","release_date":"","circulation":"0.0","par_value":"0.0","due_time":"0.0","value_date":"","due_date":"","publisher":"","redeem_type":"T","issue_type":"","bond_type":"T","warrant":"","sale_rrg":"","rate":"","after_hour_vol":"0","float_shares":"64975000","float_market_capital":"4.8796225E8","disnext_pay_date":"","convert_rate":"","volume_ratio":"0.0","percent5m":"0.0","pankou_ratio":"-50.0%","dividend_pay_date":"","ex_dividend_date":"","moving_avg_200_day":"5.52","chg_from_200_day_moving_avg":"1.99","pct_chg_from_200_day_moving_avg":"0.36060000000000003","moving_avg_50_day":"6.83","chg_from_50_day_moving_avg":"0.68","pct_chg_from_50_day_moving_avg":"0.0998","shares_outstanding":"1.125E8","ebitda":"2.943E7","short_ratio":"9.52","pe_estimate_next_year":"","peg_ratio":"-5.39","eps_estimate_next_year":"-0.31","eps_estimate_next_quarter":"-0.05","eps_estimate_current_quarter":"-0.46","psr":"1.55","revenue":"5.4341E8","profit_margin":"-0.2215178226385234"},"NTES":{"symbol":"NTES","exchange":"NASDAQ","code":"NTES","name":"网易","current":"305.76","percentage":"-0.11","change":"-0.35","open":"307.25","high":"307.33","low":"305.7361","close":"305.76","last_close":"306.11","high52week":"325.0","low52week":"209.01","volume":"16192.0","lot_volume":"16192.0","volumeAverage":"539123","marketCapital":"3.9502975381E10","eps":"22.262608170687976","pe_ttm":"13.734","pe_lyr":"43.1221","beta":"0.81","totalShares":"129196021","time":"Mon Dec 30 22:37:13 -0500 2019","afterHours":"305.5","afterHoursPct":"-0.2","afterHoursChg":"-0.61","afterHoursTime":"Mon Dec 30 09:28:00 -0500 2019","updateAt":"1577716633175","dividend":"6.34","yield":"2.07115","turnover_rate":"0.01%","instOwn":"46.39","rise_stop":"0.0","fall_stop":"0.0","currency_unit":"USD","amount":"4969341.0","net_assets":"70.21440123659991","hasexist":"","has_warrant":"0","type":"0","flag":"1","rest_day":"","amplitude":"0.52%","market_status":"交易中","lot_size":"1","min_order_quantity":"0","max_order_quantity":"0","tick_size":"0.01","variable_tick_size":"0.0001 1 0.01","kzz_stock_symbol":"","kzz_stock_name":"","kzz_stock_current":"298.27","kzz_convert_price":"0.0","kzz_covert_value":"0.0","kzz_cpr":"0.0","kzz_putback_price":"0.0","kzz_convert_time":"","kzz_redempt_price":"0.0","kzz_straight_price":"0.0","kzz_stock_percent":"","pb":"5.61","benefit_before_tax":"0.0","benefit_after_tax":"0.0","convert_bond_ratio":"","totalissuescale":"","outstandingamt":"","maturitydate":"","remain_year":"","convertrate":"","interestrtmemo":"","release_date":"","circulation":"0.0","par_value":"0.0","due_time":"0.0","value_date":"","due_date":"","publisher":"","redeem_type":"T","issue_type":"","bond_type":"T","warrant":"","sale_rrg":"","rate":"","after_hour_vol":"0","float_shares":"0","float_market_capital":"2.078813607E10","disnext_pay_date":"","convert_rate":"","volume_ratio":"0.0","percent5m":"0.0","pankou_ratio":"0.0%","dividend_pay_date":"Fri Jun 02 00:00:00 CST 2017","ex_dividend_date":"Wed Aug 23 00:00:00 CST 2017","moving_avg_200_day":"0.0","chg_from_200_day_moving_avg":"281.92","pct_chg_from_200_day_moving_avg":"","moving_avg_50_day":"0.0","chg_from_50_day_moving_avg":"281.92","pct_chg_from_50_day_moving_avg":"","shares_outstanding":"","ebitda":"0.0","short_ratio":"0.0","pe_estimate_next_year":"","peg_ratio":"0.0","eps_estimate_next_year":"16.42","eps_estimate_next_quarter":"0.0","eps_estimate_current_quarter":"14.12","psr":"","revenue":"","profit_margin":"0.27481664054054056"},"ONP":{"symbol":"ONP","exchange":"AMEX","code":"ONP","name":"东方纸业","current":"0.9700","percentage":"0.0","change":"0.0000","open":"0.0","high":"0.0","low":"0.0","close":"0.97","last_close":"0.97","high52week":"2.45","low52week":"0.75","volume":"0.0","lot_volume":"0.0","volumeAverage":"55438","marketCapital":"2.0806807E7","eps":"-17.354895843958662","pe_ttm":"","pe_lyr":"2.85","beta":"0.8","totalShares":"21450316","time":"Mon Dec 30 22:27:07 -0500 2019","afterHours":"0.0","afterHoursPct":"0.0","afterHoursChg":"0.0","afterHoursTime":"Mon Dec 30 03:55:10 -0500 2019","updateAt":"1577716027066","dividend":"0.0","yield":"0.0","turnover_rate":"","instOwn":"5.0","rise_stop":"0.0","fall_stop":"0.0","currency_unit":"USD","amount":"0.0","net_assets":"8.79","hasexist":"","has_warrant":"0","type":"0","flag":"1","rest_day":"","amplitude":"","market_status":"交易中","lot_size":"1","min_order_quantity":"0","max_order_quantity":"0","tick_size":"0.0001","variable_tick_size":"0.0001 1 0.01","kzz_stock_symbol":"","kzz_stock_name":"","kzz_stock_current":"0.95","kzz_convert_price":"0.0","kzz_covert_value":"0.0","kzz_cpr":"0.0","kzz_putback_price":"0.0","kzz_convert_time":"","kzz_redempt_price":"0.0","kzz_straight_price":"0.0","kzz_stock_percent":"","pb":"0.1","benefit_before_tax":"0.0","benefit_after_tax":"0.0","convert_bond_ratio":"","totalissuescale":"","outstandingamt":"","maturitydate":"","remain_year":"","convertrate":"","interestrtmemo":"","release_date":"","circulation":"0.0","par_value":"0.0","due_time":"0.0","value_date":"","due_date":"","publisher":"","redeem_type":"T","issue_type":"","bond_type":"F","warrant":"","sale_rrg":"","rate":"","after_hour_vol":"0","float_shares":"16010000","float_market_capital":"1.39287E7","disnext_pay_date":"","convert_rate":"","volume_ratio":"0.0","percent5m":"0.0","pankou_ratio":"-33.33%","dividend_pay_date":"Mon Dec 16 00:00:00 CST 2013","ex_dividend_date":"Tue Nov 26 00:00:00 CST 2013","moving_avg_200_day":"0.93","chg_from_200_day_moving_avg":"-0.06","pct_chg_from_200_day_moving_avg":"-0.0642","moving_avg_50_day":"0.83","chg_from_50_day_moving_avg":"0.04","pct_chg_from_50_day_moving_avg":"0.0482","shares_outstanding":"2.145E7","ebitda":"2.772E7","short_ratio":"0.81","pe_estimate_next_year":"","peg_ratio":"0.0","eps_estimate_next_year":"","eps_estimate_next_quarter":"0.0","eps_estimate_current_quarter":"1.18","psr":"0.16","revenue":"1.1692E8","profit_margin":"0.06604515908313377"},"SKYS":{"symbol":"SKYS","exchange":"NASDAQ","code":"SKYS","name":"天华阳光","current":"1.48","percentage":"-1.34","change":"-0.0201","open":"1.48","high":"1.48","low":"1.48","close":"1.48","last_close":"1.5001","high52week":"3.95","low52week":"1.0","volume":"1002.0","lot_volume":"1002.0","volumeAverage":"23386","marketCapital":"3.1046441E7","eps":"-0.025","pe_ttm":"","pe_lyr":"","beta":"1.44","totalShares":"20977325","time":"Mon Dec 30 22:30:00 -0500 2019","afterHours":"1.6","afterHoursPct":"6.67","afterHoursChg":"0.1","afterHoursTime":"Mon Dec 30 09:12:01 -0500 2019","updateAt":"1577716200691","dividend":"0.0","yield":"0.0","turnover_rate":"","instOwn":"3.0","rise_stop":"0.0","fall_stop":"0.0","currency_unit":"USD","amount":"1483.0","net_assets":"1.3955","hasexist":"","has_warrant":"0","type":"0","flag":"1","rest_day":"","amplitude":"","market_status":"交易中","lot_size":"1","min_order_quantity":"0","max_order_quantity":"0","tick_size":"0.01","variable_tick_size":"0.0001 1 0.01","kzz_stock_symbol":"","kzz_stock_name":"","kzz_stock_current":"1.55","kzz_convert_price":"0.0","kzz_covert_value":"0.0","kzz_cpr":"0.0","kzz_putback_price":"0.0","kzz_convert_time":"","kzz_redempt_price":"0.0","kzz_straight_price":"0.0","kzz_stock_percent":"","pb":"0.67","benefit_before_tax":"0.0","benefit_after_tax":"0.0","convert_bond_ratio":"","totalissuescale":"","outstandingamt":"","maturitydate":"","remain_year":"","convertrate":"","interestrtmemo":"","release_date":"","circulation":"0.0","par_value":"0.0","due_time":"0.0","value_date":"","due_date":"","publisher":"","redeem_type":"F","issue_type":"","bond_type":"T","warrant":"","sale_rrg":"","rate":"","after_hour_vol":"0","float_shares":"17289000","float_market_capital":"3.025575E7","disnext_pay_date":"","convert_rate":"","volume_ratio":"0.0","percent5m":"0.0","pankou_ratio":"86.34%","dividend_pay_date":"","ex_dividend_date":"","moving_avg_200_day":"1.63","chg_from_200_day_moving_avg":"0.12","pct_chg_from_200_day_moving_avg":"0.0706","moving_avg_50_day":"1.69","chg_from_50_day_moving_avg":"0.06","pct_chg_from_50_day_moving_avg":"0.0338","shares_outstanding":"5.3156E7","ebitda":"1.942E7","short_ratio":"5.89","pe_estimate_next_year":"17.5","peg_ratio":"0.87","eps_estimate_next_year":"0.1","eps_estimate_next_quarter":"0.01","eps_estimate_current_quarter":"0.06","psr":"1.38","revenue":"6.781E7","profit_margin":"0.1646181979059136"},"SNP":{"symbol":"SNP","exchange":"NYSE","code":"SNP","name":"中石化","current":"60.0892","percentage":"0.15","change":"0.0892","open":"60.09","high":"60.49","low":"60.0892","close":"60.0892","last_close":"60.0","high52week":"87.17","low52week":"54.94","volume":"5190.0","lot_volume":"5190.0","volumeAverage":"196328","marketCapital":"7.2750721279E10","eps":"5.401150065240318","pe_ttm":"11.125","pe_lyr":"8.2492","beta":"1.48","totalShares":"1210712096","time":"Mon Dec 30 22:35:26 -0500 2019","afterHours":"60.43","afterHoursPct":"0.72","afterHoursChg":"0.43","afterHoursTime":"Mon Dec 30 09:30:00 -0500 2019","updateAt":"1577716526952","dividend":"4.98687","yield":"8.31145","turnover_rate":"","instOwn":"0.93","rise_stop":"0.0","fall_stop":"0.0","currency_unit":"USD","amount":"312158.0","net_assets":"0.8569036339435228","hasexist":"","has_warrant":"0","type":"0","flag":"1","rest_day":"","amplitude":"0.67%","market_status":"交易中","lot_size":"1","min_order_quantity":"0","max_order_quantity":"0","tick_size":"0.01","variable_tick_size":"0.01","kzz_stock_symbol":"","kzz_stock_name":"","kzz_stock_current":"57.63","kzz_convert_price":"0.0","kzz_covert_value":"0.0","kzz_cpr":"0.0","kzz_putback_price":"0.0","kzz_convert_time":"","kzz_redempt_price":"0.0","kzz_straight_price":"0.0","kzz_stock_percent":"","pb":"0.81","benefit_before_tax":"0.0","benefit_after_tax":"0.0","convert_bond_ratio":"","totalissuescale":"","outstandingamt":"","maturitydate":"","remain_year":"","convertrate":"","interestrtmemo":"","release_date":"","circulation":"0.0","par_value":"0.0","due_time":"0.0","value_date":"","due_date":"","publisher":"","redeem_type":"T","issue_type":"","bond_type":"T","warrant":"","sale_rrg":"","rate":"","after_hour_vol":"0","float_shares":"347256000","float_market_capital":"2.557193184E10","disnext_pay_date":"","convert_rate":"","volume_ratio":"0.0","percent5m":"0.0","pankou_ratio":"33.33%","dividend_pay_date":"Fri Oct 06 00:00:00 CST 2017","ex_dividend_date":"Mon Sep 18 00:00:00 CST 2017","moving_avg_200_day":"77.84","chg_from_200_day_moving_avg":"-4.2","pct_chg_from_200_day_moving_avg":"-0.054000000000000006","moving_avg_50_day":"75.1","chg_from_50_day_moving_avg":"-1.46","pct_chg_from_50_day_moving_avg":"-0.0194","shares_outstanding":"1.210712E9","ebitda":"2.954E10","short_ratio":"2.78","pe_estimate_next_year":"","peg_ratio":"0.0","eps_estimate_next_year":"6.05","eps_estimate_next_quarter":"0.0","eps_estimate_current_quarter":"4.48","psr":"0.26","revenue":"3.3953E11","profit_margin":"0.024604343651518274"},"SEED":{"symbol":"SEED","exchange":"NASDAQ","code":"SEED","name":"奥瑞金种业","current":"5.28","percentage":"14.04","change":"0.65","open":"4.76","high":"5.28","low":"4.76","close":"5.28","last_close":"4.63","high52week":"8.95","low52week":"4.4439","volume":"6349.0","lot_volume":"6349.0","volumeAverage":"272673","marketCapital":"1.6876168E7","eps":"-5.691784282732885","pe_ttm":"","pe_lyr":"","beta":"0.86","totalShares":"3196244","time":"Mon Dec 30 22:36:00 -0500 2019","afterHours":"4.8","afterHoursPct":"3.67","afterHoursChg":"0.17","afterHoursTime":"Mon Dec 30 09:27:05 -0500 2019","updateAt":"1577716560212","dividend":"0.0","yield":"0.0","turnover_rate":"0.20%","instOwn":"1.07","rise_stop":"0.0","fall_stop":"0.0","currency_unit":"USD","amount":"32113.0","net_assets":"1.3742289141106927","hasexist":"","has_warrant":"0","type":"0","flag":"1","rest_day":"","amplitude":"11.23%","market_status":"交易中","lot_size":"1","min_order_quantity":"0","max_order_quantity":"0","tick_size":"0.01","variable_tick_size":"0.0001 1 0.01","kzz_stock_symbol":"","kzz_stock_name":"","kzz_stock_current":"5.8","kzz_convert_price":"0.0","kzz_covert_value":"0.0","kzz_cpr":"0.0","kzz_putback_price":"0.0","kzz_convert_time":"","kzz_redempt_price":"0.0","kzz_straight_price":"0.0","kzz_stock_percent":"","pb":"1.72","benefit_before_tax":"0.0","benefit_after_tax":"0.0","convert_bond_ratio":"","totalissuescale":"","outstandingamt":"","maturitydate":"","remain_year":"","convertrate":"","interestrtmemo":"","release_date":"","circulation":"0.0","par_value":"0.0","due_time":"0.0","value_date":"","due_date":"","publisher":"","redeem_type":"T","issue_type":"","bond_type":"F","warrant":"","sale_rrg":"","rate":"","after_hour_vol":"0","float_shares":"17992000","float_market_capital":"2.572856E7","disnext_pay_date":"","convert_rate":"","volume_ratio":"0.0","percent5m":"0.0","pankou_ratio":"66.67%","dividend_pay_date":"","ex_dividend_date":"","moving_avg_200_day":"1.57","chg_from_200_day_moving_avg":"-0.14","pct_chg_from_200_day_moving_avg":"-0.0883","moving_avg_50_day":"1.59","chg_from_50_day_moving_avg":"-0.16","pct_chg_from_50_day_moving_avg":"-0.102","shares_outstanding":"2.3173E7","ebitda":"-4790000.0","short_ratio":"1.32","pe_estimate_next_year":"","peg_ratio":"0.0","eps_estimate_next_year":"","eps_estimate_next_quarter":"0.0","eps_estimate_current_quarter":"0.35","psr":"0.67","revenue":"4.96E7","profit_margin":"-0.19155100806451614"},"RYB":{"symbol":"RYB","exchange":"NYSE","code":"RYB","name":"红黄蓝教育","current":"5.55","percentage":"0.0","change":"0.00","open":"0.0","high":"0.0","low":"0.0","close":"5.55","last_close":"5.55","high52week":"9.46","low52week":"5.46","volume":"0.0","lot_volume":"0.0","volumeAverage":"0","marketCapital":"1.58787431E8","eps":"-0.0736446826861386","pe_ttm":"","pe_lyr":"","beta":"0.0","totalShares":"28610348","time":"Mon Dec 30 22:30:00 -0500 2019","afterHours":"0.0","afterHoursPct":"0.0","afterHoursChg":"0.0","afterHoursTime":"Mon Dec 30 03:55:11 -0500 2019","updateAt":"1577716200000","dividend":"0.0","yield":"0.0","turnover_rate":"","instOwn":"0.0","rise_stop":"0.0","fall_stop":"0.0","currency_unit":"USD","amount":"0.0","net_assets":"3.3299","hasexist":"","has_warrant":"0","type":"0","flag":"1","rest_day":"","amplitude":"","market_status":"交易中","lot_size":"1","min_order_quantity":"0","max_order_quantity":"0","tick_size":"0.01","variable_tick_size":"0.01","kzz_stock_symbol":"","kzz_stock_name":"","kzz_stock_current":"6.03","kzz_convert_price":"0.0","kzz_covert_value":"0.0","kzz_cpr":"0.0","kzz_putback_price":"0.0","kzz_convert_time":"","kzz_redempt_price":"0.0","kzz_straight_price":"0.0","kzz_stock_percent":"","pb":"0.0","benefit_before_tax":"0.0","benefit_after_tax":"0.0","convert_bond_ratio":"","totalissuescale":"","outstandingamt":"","maturitydate":"","remain_year":"","convertrate":"","interestrtmemo":"","release_date":"","circulation":"0.0","par_value":"0.0","due_time":"0.0","value_date":"","due_date":"","publisher":"","redeem_type":"T","issue_type":"","bond_type":"T","warrant":"","sale_rrg":"","rate":"","after_hour_vol":"0","float_shares":"0","float_market_capital":"0.0","disnext_pay_date":"","convert_rate":"","volume_ratio":"0.0","percent5m":"0.0","pankou_ratio":"42.86%","dividend_pay_date":"","ex_dividend_date":"","moving_avg_200_day":"27.38","chg_from_200_day_moving_avg":"-1.92","pct_chg_from_200_day_moving_avg":"-0.0702","moving_avg_50_day":"27.38","chg_from_50_day_moving_avg":"-1.92","pct_chg_from_50_day_moving_avg":"-0.0702","shares_outstanding":"2.1715E7","ebitda":"0.0","short_ratio":"0.0","pe_estimate_next_year":"","peg_ratio":"0.0","eps_estimate_next_year":"","eps_estimate_next_quarter":"0.0","eps_estimate_current_quarter":"","psr":"","revenue":"","profit_margin":""},"OIIM":{"symbol":"OIIM","exchange":"NASDAQ","code":"OIIM","name":"凹凸科技","current":"1.70","percentage":"1.19","change":"0.02","open":"1.7","high":"1.7","low":"1.7","close":"1.7","last_close":"1.68","high52week":"1.97","low52week":"1.16","volume":"6656.0","lot_volume":"6656.0","volumeAverage":"24334","marketCapital":"4.476881E7","eps":"-0.37638704435693976","pe_ttm":"","pe_lyr":"21.441","beta":"0.65","totalShares":"26334594","time":"Mon Dec 30 22:36:56 -0500 2019","afterHours":"1.7","afterHoursPct":"1.19","afterHoursChg":"0.02","afterHoursTime":"Mon Dec 30 09:00:41 -0500 2019","updateAt":"1577716616397","dividend":"0.0","yield":"0.0","turnover_rate":"0.03%","instOwn":"0.72","rise_stop":"0.0","fall_stop":"0.0","currency_unit":"USD","amount":"11315.0","net_assets":"2.7546","hasexist":"","has_warrant":"0","type":"0","flag":"1","rest_day":"","amplitude":"","market_status":"交易中","lot_size":"1","min_order_quantity":"0","max_order_quantity":"0","tick_size":"0.01","variable_tick_size":"0.0001 1 0.01","kzz_stock_symbol":"","kzz_stock_name":"","kzz_stock_current":"1.58","kzz_convert_price":"0.0","kzz_covert_value":"0.0","kzz_cpr":"0.0","kzz_putback_price":"0.0","kzz_convert_time":"","kzz_redempt_price":"0.0","kzz_straight_price":"0.0","kzz_stock_percent":"","pb":"0.65","benefit_before_tax":"0.0","benefit_after_tax":"0.0","convert_bond_ratio":"","totalissuescale":"","outstandingamt":"","maturitydate":"","remain_year":"","convertrate":"","interestrtmemo":"","release_date":"","circulation":"0.0","par_value":"0.0","due_time":"0.0","value_date":"","due_date":"","publisher":"","redeem_type":"F","issue_type":"","bond_type":"T","warrant":"","sale_rrg":"","rate":"","after_hour_vol":"0","float_shares":"22290000","float_market_capital":"4.458E7","disnext_pay_date":"","convert_rate":"","volume_ratio":"0.0","percent5m":"0.0","pankou_ratio":"-91.3%","dividend_pay_date":"","ex_dividend_date":"","moving_avg_200_day":"1.8874","chg_from_200_day_moving_avg":"0.1171","pct_chg_from_200_day_moving_avg":"0.062037","moving_avg_50_day":"1.76","chg_from_50_day_moving_avg":"0.2445","pct_chg_from_50_day_moving_avg":"0.13892","shares_outstanding":"2.584E7","ebitda":"-3450000.0","short_ratio":"1.25","pe_estimate_next_year":"","peg_ratio":"-0.46","eps_estimate_next_year":"-0.15","eps_estimate_next_quarter":"-0.05","eps_estimate_current_quarter":"-0.21","psr":"0.8682","revenue":"5.982E7","profit_margin":"-0.02591775325977934"},"NCTY":{"symbol":"NCTY","exchange":"NASDAQ","code":"NCTY","name":"第九城市","current":"0.9229","percentage":"0.0","change":"0.0000","open":"0.0","high":"0.0","low":"0.0","close":"0.9229","last_close":"0.9229","high52week":"3.9","low52week":"0.8208","volume":"0.0","lot_volume":"0.0","volumeAverage":"38232","marketCapital":"4.1024553E7","eps":"-0.6796526859857558","pe_ttm":"","pe_lyr":"","beta":"2.08","totalShares":"44451786","time":"Mon Dec 30 22:30:00 -0500 2019","afterHours":"0.0","afterHoursPct":"0.0","afterHoursChg":"0.0","afterHoursTime":"Mon Dec 30 03:55:08 -0500 2019","updateAt":"1577716200001","dividend":"0.0","yield":"0.0","turnover_rate":"","instOwn":"0.14","rise_stop":"0.0","fall_stop":"0.0","currency_unit":"USD","amount":"0.0","net_assets":"-2.4247806609512086","hasexist":"","has_warrant":"0","type":"0","flag":"1","rest_day":"","amplitude":"","market_status":"交易中","lot_size":"1","min_order_quantity":"0","max_order_quantity":"0","tick_size":"0.0001","variable_tick_size":"0.0001 1 0.01","kzz_stock_symbol":"","kzz_stock_name":"","kzz_stock_current":"0.88","kzz_convert_price":"0.0","kzz_covert_value":"0.0","kzz_cpr":"0.0","kzz_putback_price":"0.0","kzz_convert_time":"","kzz_redempt_price":"0.0","kzz_straight_price":"0.0","kzz_stock_percent":"","pb":"-0.41","benefit_before_tax":"0.0","benefit_after_tax":"0.0","convert_bond_ratio":"","totalissuescale":"","outstandingamt":"","maturitydate":"","remain_year":"","convertrate":"","interestrtmemo":"","release_date":"","circulation":"0.0","par_value":"0.0","due_time":"0.0","value_date":"","due_date":"","publisher":"","redeem_type":"T","issue_type":"","bond_type":"F","warrant":"","sale_rrg":"","rate":"","after_hour_vol":"0","float_shares":"0","float_market_capital":"2.4821577E7","disnext_pay_date":"","convert_rate":"","volume_ratio":"0.0","percent5m":"0.0","pankou_ratio":"57.14%","dividend_pay_date":"Mon Feb 09 00:00:00 CST 2009","ex_dividend_date":"Thu Jan 29 00:00:00 CST 2009","moving_avg_200_day":"0.0","chg_from_200_day_moving_avg":"0.8949","pct_chg_from_200_day_moving_avg":"","moving_avg_50_day":"0.0","chg_from_50_day_moving_avg":"0.8949","pct_chg_from_50_day_moving_avg":"","shares_outstanding":"","ebitda":"0.0","short_ratio":"0.0","pe_estimate_next_year":"","peg_ratio":"0.0","eps_estimate_next_year":"-2.01","eps_estimate_next_quarter":"0.0","eps_estimate_current_quarter":"-2.83","psr":"","revenue":"","profit_margin":"-28.907932558139535"},"SIMO":{"symbol":"SIMO","exchange":"NASDAQ","code":"SIMO","name":"慧荣科技","current":"50.31","percentage":"-0.46","change":"-0.23","open":"50.65","high":"50.87","low":"50.31","close":"50.31","last_close":"50.54","high52week":"50.87","low52week":"30.86","volume":"2876.0","lot_volume":"2876.0","volumeAverage":"554162","marketCapital":"1.837385396E9","eps":"2.2803146308469615","pe_ttm":"22.063","pe_lyr":"18.7354","beta":"1.09","totalShares":"36521276","time":"Mon Dec 30 22:33:58 -0500 2019","afterHours":"50.6","afterHoursPct":"0.12","afterHoursChg":"0.06","afterHoursTime":"Mon Dec 30 09:14:51 -0500 2019","updateAt":"1577716438910","dividend":"1.29","yield":"2.55243","turnover_rate":"0.01%","instOwn":"69.61","rise_stop":"0.0","fall_stop":"0.0","currency_unit":"USD","amount":"145436.0","net_assets":"14.9176","hasexist":"","has_warrant":"0","type":"0","flag":"1","rest_day":"","amplitude":"1.11%","market_status":"交易中","lot_size":"1","min_order_quantity":"0","max_order_quantity":"0","tick_size":"0.01","variable_tick_size":"0.0001 1 0.01","kzz_stock_symbol":"","kzz_stock_name":"","kzz_stock_current":"43.31","kzz_convert_price":"0.0","kzz_covert_value":"0.0","kzz_cpr":"0.0","kzz_putback_price":"0.0","kzz_convert_time":"","kzz_redempt_price":"0.0","kzz_straight_price":"0.0","kzz_stock_percent":"","pb":"3.49","benefit_before_tax":"0.0","benefit_after_tax":"0.0","convert_bond_ratio":"","totalissuescale":"","outstandingamt":"","maturitydate":"","remain_year":"","convertrate":"","interestrtmemo":"","release_date":"","circulation":"0.0","par_value":"0.0","due_time":"0.0","value_date":"","due_date":"","publisher":"","redeem_type":"T","issue_type":"","bond_type":"T","warrant":"","sale_rrg":"","rate":"","after_hour_vol":"0","float_shares":"32956000","float_market_capital":"1.59572952E9","disnext_pay_date":"","convert_rate":"","volume_ratio":"0.0","percent5m":"0.0","pankou_ratio":"0.0%","dividend_pay_date":"Fri Nov 24 00:00:00 CST 2017","ex_dividend_date":"Thu Aug 03 00:00:00 CST 2017","moving_avg_200_day":"47.52","chg_from_200_day_moving_avg":"0.9","pct_chg_from_200_day_moving_avg":"0.0189","moving_avg_50_day":"48.93","chg_from_50_day_moving_avg":"-0.51","pct_chg_from_50_day_moving_avg":"-0.0105","shares_outstanding":"3.5741E7","ebitda":"1.4581E8","short_ratio":"5.52","pe_estimate_next_year":"14.85","peg_ratio":"-4.13","eps_estimate_next_year":"3.26","eps_estimate_next_quarter":"0.64","eps_estimate_current_quarter":"2.6","psr":"3.0","revenue":"5.628E8","profit_margin":"0.1879768301350391"},"VIPS":{"symbol":"VIPS","exchange":"NYSE","code":"VIPS","name":"唯品会","current":"14.48","percentage":"-0.28","change":"-0.04","open":"14.5","high":"14.52","low":"14.4","close":"14.48","last_close":"14.52","high52week":"14.7298","low52week":"5.16","volume":"239876.0","lot_volume":"239876.0","volumeAverage":"5650000","marketCapital":"9.687097918E9","eps":"0.6952499381544691","pe_ttm":"20.827","pe_lyr":"31.7959","beta":"1.94","totalShares":"668998475","time":"Mon Dec 30 22:37:17 -0500 2019","afterHours":"14.44","afterHoursPct":"-0.55","afterHoursChg":"-0.08","afterHoursTime":"Mon Dec 30 09:16:47 -0500 2019","updateAt":"1577716637215","dividend":"0.0","yield":"0.0","turnover_rate":"0.04%","instOwn":"430.0","rise_stop":"0.0","fall_stop":"0.0","currency_unit":"USD","amount":"3475803.0","net_assets":"4.374178867373664","hasexist":"","has_warrant":"0","type":"0","flag":"1","rest_day":"","amplitude":"0.83%","market_status":"交易中","lot_size":"1","min_order_quantity":"0","max_order_quantity":"0","tick_size":"0.01","variable_tick_size":"0.01","kzz_stock_symbol":"","kzz_stock_name":"","kzz_stock_current":"12.0","kzz_convert_price":"0.0","kzz_covert_value":"0.0","kzz_cpr":"0.0","kzz_putback_price":"0.0","kzz_convert_time":"","kzz_redempt_price":"0.0","kzz_straight_price":"0.0","kzz_stock_percent":"","pb":"4.25","benefit_before_tax":"0.0","benefit_after_tax":"0.0","convert_bond_ratio":"","totalissuescale":"","outstandingamt":"","maturitydate":"","remain_year":"","convertrate":"","interestrtmemo":"","release_date":"","circulation":"0.0","par_value":"0.0","due_time":"0.0","value_date":"","due_date":"","publisher":"","redeem_type":"T","issue_type":"","bond_type":"T","warrant":"","sale_rrg":"","rate":"","after_hour_vol":"0","float_shares":"426979000","float_market_capital":"3.3731341E9","disnext_pay_date":"","convert_rate":"","volume_ratio":"0.0","percent5m":"0.0","pankou_ratio":"-82.86%","dividend_pay_date":"","ex_dividend_date":"","moving_avg_200_day":"11.09","chg_from_200_day_moving_avg":"-3.19","pct_chg_from_200_day_moving_avg":"-0.2877","moving_avg_50_day":"8.73","chg_from_50_day_moving_avg":"-0.83","pct_chg_from_50_day_moving_avg":"-0.0949","shares_outstanding":"5.87623E8","ebitda":"6.0911E8","short_ratio":"2.79","pe_estimate_next_year":"9.4","peg_ratio":"31.17","eps_estimate_next_year":"0.84","eps_estimate_next_quarter":"0.22","eps_estimate_current_quarter":"0.72","psr":"0.47","revenue":"9.87E9","profit_margin":"0.030958861195542045"},"MOMO":{"symbol":"MOMO","exchange":"NASDAQ","code":"MOMO","name":"陌陌","current":"34.2145","percentage":"-0.86","change":"-0.2955","open":"34.66","high":"34.66","low":"34.21","close":"34.2145","last_close":"34.51","high52week":"41.5","low52week":"22.85","volume":"151065.0","lot_volume":"151065.0","volumeAverage":"569722","marketCapital":"7.129415165E9","eps":"1.7692476379160458","pe_ttm":"19.338","pe_lyr":"17.6905","beta":"2.22","totalShares":"208374086","time":"Mon Dec 30 22:37:15 -0500 2019","afterHours":"34.51","afterHoursPct":"0.0","afterHoursChg":"0.0","afterHoursTime":"Mon Dec 30 09:30:00 -0500 2019","updateAt":"1577716635921","dividend":"0.6","yield":"1.73863","turnover_rate":"0.07%","instOwn":"3.0","rise_stop":"0.0","fall_stop":"0.0","currency_unit":"USD","amount":"5202528.0","net_assets":"8.615580586526212","hasexist":"","has_warrant":"0","type":"0","flag":"1","rest_day":"","amplitude":"1.30%","market_status":"交易中","lot_size":"1","min_order_quantity":"0","max_order_quantity":"0","tick_size":"0.01","variable_tick_size":"0.0001 1 0.01","kzz_stock_symbol":"","kzz_stock_name":"","kzz_stock_current":"36.43","kzz_convert_price":"0.0","kzz_covert_value":"0.0","kzz_cpr":"0.0","kzz_putback_price":"0.0","kzz_convert_time":"","kzz_redempt_price":"0.0","kzz_straight_price":"0.0","kzz_stock_percent":"","pb":"7.2","benefit_before_tax":"0.0","benefit_after_tax":"0.0","convert_bond_ratio":"","totalissuescale":"","outstandingamt":"","maturitydate":"","remain_year":"","convertrate":"","interestrtmemo":"","release_date":"","circulation":"0.0","par_value":"0.0","due_time":"0.0","value_date":"","due_date":"","publisher":"","redeem_type":"T","issue_type":"","bond_type":"T","warrant":"","sale_rrg":"","rate":"","after_hour_vol":"0","float_shares":"0","float_market_capital":"3.10389381E9","disnext_pay_date":"","convert_rate":"","volume_ratio":"0.0","percent5m":"0.0","pankou_ratio":"60.0%","dividend_pay_date":"","ex_dividend_date":"","moving_avg_200_day":"0.0","chg_from_200_day_moving_avg":"30.47","pct_chg_from_200_day_moving_avg":"","moving_avg_50_day":"0.0","chg_from_50_day_moving_avg":"30.47","pct_chg_from_50_day_moving_avg":"","shares_outstanding":"","ebitda":"0.0","short_ratio":"0.0","pe_estimate_next_year":"","peg_ratio":"0.0","eps_estimate_next_year":"2.29","eps_estimate_next_quarter":"0.0","eps_estimate_current_quarter":"1.66","psr":"","revenue":"","profit_margin":"0.2555061847995676"},"SSC":{"symbol":"SSC","exchange":"NASDAQ","code":"SSC","name":"Seven Stars Cloud Group, Inc.","current":"2.98","percentage":"0.0","change":"0.00","open":"0.0","high":"0.0","low":"0.0","close":"2.98","last_close":"2.98","high52week":"7.0","low52week":"1.41","volume":"0.0","lot_volume":"0.0","volumeAverage":"0","marketCapital":"2.17964051E8","eps":"252.165986743184","pe_ttm":"","pe_lyr":"","beta":"2.11","totalShares":"73142299","time":"Mon Dec 30 22:27:08 -0500 2019","afterHours":"0.0","afterHoursPct":"0.0","afterHoursChg":"0.0","afterHoursTime":"Mon Dec 30 03:55:12 -0500 2019","updateAt":"1577716028485","dividend":"0.0","yield":"0.0","turnover_rate":"","instOwn":"0.0","rise_stop":"0.0","fall_stop":"0.0","currency_unit":"USD","amount":"0.0","net_assets":"0.5","hasexist":"","has_warrant":"0","type":"0","flag":"1","rest_day":"","amplitude":"","market_status":"交易中","lot_size":"1","min_order_quantity":"0","max_order_quantity":"0","tick_size":"0.01","variable_tick_size":"0.0001 1 0.01","kzz_stock_symbol":"","kzz_stock_name":"","kzz_stock_current":"3.01","kzz_convert_price":"0.0","kzz_covert_value":"0.0","kzz_cpr":"0.0","kzz_putback_price":"0.0","kzz_convert_time":"","kzz_redempt_price":"0.0","kzz_straight_price":"0.0","kzz_stock_percent":"","pb":"0.0","benefit_before_tax":"0.0","benefit_after_tax":"0.0","convert_bond_ratio":"","totalissuescale":"","outstandingamt":"","maturitydate":"","remain_year":"","convertrate":"","interestrtmemo":"","release_date":"","circulation":"0.0","par_value":"0.0","due_time":"0.0","value_date":"","due_date":"","publisher":"","redeem_type":"F","issue_type":"","bond_type":"T","warrant":"","sale_rrg":"","rate":"","after_hour_vol":"0","float_shares":"0","float_market_capital":"0.0","disnext_pay_date":"","convert_rate":"","volume_ratio":"0.0","percent5m":"0.0","pankou_ratio":"33.33%","dividend_pay_date":"","ex_dividend_date":"","moving_avg_200_day":"2.16","chg_from_200_day_moving_avg":"-0.14","pct_chg_from_200_day_moving_avg":"-0.0652","moving_avg_50_day":"2.09","chg_from_50_day_moving_avg":"-0.07","pct_chg_from_50_day_moving_avg":"-0.0345","shares_outstanding":"6.2153E7","ebitda":"0.0","short_ratio":"0.0","pe_estimate_next_year":"","peg_ratio":"0.0","eps_estimate_next_year":"","eps_estimate_next_quarter":"0.0","eps_estimate_current_quarter":"","psr":"","revenue":"","profit_margin":""},"NEWA":{"symbol":"NEWA","exchange":"NASDAQ","code":"NEWA","name":"烟台金正环保","current":"3.427","percentage":"0.79","change":"0.027","open":"3.41","high":"3.427","low":"3.41","close":"3.427","last_close":"3.4","high52week":"9.1","low52week":"3.0","volume":"400.0","lot_volume":"400.0","volumeAverage":"0","marketCapital":"3.7042443E7","eps":"-0.09308011841983532","pe_ttm":"","pe_lyr":"5.1366","beta":"0.0","totalShares":"10809000","time":"Mon Dec 30 22:34:32 -0500 2019","afterHours":"0.0","afterHoursPct":"0.0","afterHoursChg":"0.0","afterHoursTime":"Mon Dec 30 03:55:09 -0500 2019","updateAt":"1577716472020","dividend":"0.0","yield":"0.0","turnover_rate":"","instOwn":"0.0","rise_stop":"0.0","fall_stop":"0.0","currency_unit":"USD","amount":"1367.0","net_assets":"2.4154","hasexist":"","has_warrant":"0","type":"0","flag":"1","rest_day":"","amplitude":"0.50%","market_status":"交易中","lot_size":"1","min_order_quantity":"0","max_order_quantity":"0","tick_size":"0.01","variable_tick_size":"0.0001 1 0.01","kzz_stock_symbol":"","kzz_stock_name":"","kzz_stock_current":"6.38","kzz_convert_price":"0.0","kzz_covert_value":"0.0","kzz_cpr":"0.0","kzz_putback_price":"0.0","kzz_convert_time":"","kzz_redempt_price":"0.0","kzz_straight_price":"0.0","kzz_stock_percent":"","pb":"0.0","benefit_before_tax":"0.0","benefit_after_tax":"0.0","convert_bond_ratio":"","totalissuescale":"","outstandingamt":"","maturitydate":"","remain_year":"","convertrate":"","interestrtmemo":"","release_date":"","circulation":"0.0","par_value":"0.0","due_time":"0.0","value_date":"","due_date":"","publisher":"","redeem_type":"F","issue_type":"","bond_type":"T","warrant":"","sale_rrg":"","rate":"","after_hour_vol":"0","float_shares":"0","float_market_capital":"0.0","disnext_pay_date":"","convert_rate":"","volume_ratio":"0.0","percent5m":"0.0","pankou_ratio":"0.0%","dividend_pay_date":"","ex_dividend_date":"","moving_avg_200_day":"9.42","chg_from_200_day_moving_avg":"4.18","pct_chg_from_200_day_moving_avg":"0.4437","moving_avg_50_day":"9.46","chg_from_50_day_moving_avg":"4.14","pct_chg_from_50_day_moving_avg":"0.43729999999999997","shares_outstanding":"1.0599E7","ebitda":"0.0","short_ratio":"0.0","pe_estimate_next_year":"","peg_ratio":"0.0","eps_estimate_next_year":"","eps_estimate_next_quarter":"0.0","eps_estimate_current_quarter":"","psr":"","revenue":"","profit_margin":""},"TEDU":{"symbol":"TEDU","exchange":"NASDAQ","code":"TEDU","name":"达内科技","current":"1.6547","percentage":"7.45","change":"0.1147","open":"1.64","high":"1.66","low":"1.61","close":"1.6547","last_close":"1.54","high52week":"6.96","low52week":"0.6873","volume":"62616.0","lot_volume":"62616.0","volumeAverage":"314572","marketCapital":"8.782998E7","eps":"0.69","pe_ttm":"","pe_lyr":"","beta":"0.52","totalShares":"53079096","time":"Mon Dec 30 22:36:47 -0500 2019","afterHours":"1.6","afterHoursPct":"3.9","afterHoursChg":"0.06","afterHoursTime":"Mon Dec 30 09:14:40 -0500 2019","updateAt":"1577716607994","dividend":"0.1","yield":"15.748031496062993","turnover_rate":"0.12%","instOwn":"45.0","rise_stop":"0.0","fall_stop":"0.0","currency_unit":"USD","amount":"102565.0","net_assets":"2.526428029598248","hasexist":"","has_warrant":"0","type":"0","flag":"1","rest_day":"","amplitude":"3.25%","market_status":"交易中","lot_size":"1","min_order_quantity":"0","max_order_quantity":"0","tick_size":"0.01","variable_tick_size":"0.0001 1 0.01","kzz_stock_symbol":"","kzz_stock_name":"","kzz_stock_current":"0.85","kzz_convert_price":"0.0","kzz_covert_value":"0.0","kzz_cpr":"0.0","kzz_putback_price":"0.0","kzz_convert_time":"","kzz_redempt_price":"0.0","kzz_straight_price":"0.0","kzz_stock_percent":"","pb":"3.4","benefit_before_tax":"0.0","benefit_after_tax":"0.0","convert_bond_ratio":"","totalissuescale":"","outstandingamt":"","maturitydate":"","remain_year":"","convertrate":"","interestrtmemo":"","release_date":"","circulation":"0.0","par_value":"0.0","due_time":"0.0","value_date":"","due_date":"","publisher":"","redeem_type":"F","issue_type":"","bond_type":"T","warrant":"","sale_rrg":"","rate":"","after_hour_vol":"0","float_shares":"0","float_market_capital":"5.428655E8","disnext_pay_date":"","convert_rate":"","volume_ratio":"0.0","percent5m":"0.0","pankou_ratio":"-33.33%","dividend_pay_date":"Wed Jun 21 00:00:00 CST 2017","ex_dividend_date":"Wed Jun 07 00:00:00 CST 2017","moving_avg_200_day":"0.0","chg_from_200_day_moving_avg":"14.65","pct_chg_from_200_day_moving_avg":"","moving_avg_50_day":"0.0","chg_from_50_day_moving_avg":"14.65","pct_chg_from_50_day_moving_avg":"","shares_outstanding":"","ebitda":"0.0","short_ratio":"0.0","pe_estimate_next_year":"","peg_ratio":"0.0","eps_estimate_next_year":"1.01","eps_estimate_next_quarter":"0.0","eps_estimate_current_quarter":"0.81","psr":"","revenue":"","profit_margin":"0.1321141920657047"},"PME":{"symbol":"PME","exchange":"NASDAQ","code":"PME","name":"平潭海洋","current":"1.09","percentage":"0.0","change":"0.00","open":"0.0","high":"0.0","low":"0.0","close":"1.09","last_close":"1.09","high52week":"2.94","low52week":"1.0205","volume":"0.0","lot_volume":"0.0","volumeAverage":"51647","marketCapital":"8.6170008E7","eps":"0.04681292162311244","pe_ttm":"23.284","pe_lyr":"6.4319","beta":"0.43","totalShares":"79055053","time":"Mon Dec 30 22:30:00 -0500 2019","afterHours":"0.0","afterHoursPct":"0.0","afterHoursChg":"0.0","afterHoursTime":"Mon Dec 30 03:55:09 -0500 2019","updateAt":"1577716200000","dividend":"0.04","yield":"1.4851485148514851","turnover_rate":"","instOwn":"3.0","rise_stop":"0.0","fall_stop":"0.0","currency_unit":"USD","amount":"0.0","net_assets":"1.7071","hasexist":"","has_warrant":"0","type":"0","flag":"1","rest_day":"","amplitude":"","market_status":"交易中","lot_size":"1","min_order_quantity":"0","max_order_quantity":"0","tick_size":"0.01","variable_tick_size":"0.0001 1 0.01","kzz_stock_symbol":"","kzz_stock_name":"","kzz_stock_current":"1.61","kzz_convert_price":"0.0","kzz_covert_value":"0.0","kzz_cpr":"0.0","kzz_putback_price":"0.0","kzz_convert_time":"","kzz_redempt_price":"0.0","kzz_straight_price":"0.0","kzz_stock_percent":"","pb":"2.05","benefit_before_tax":"0.0","benefit_after_tax":"0.0","convert_bond_ratio":"","totalissuescale":"","outstandingamt":"","maturitydate":"","remain_year":"","convertrate":"","interestrtmemo":"","release_date":"","circulation":"0.0","par_value":"0.0","due_time":"0.0","value_date":"","due_date":"","publisher":"","redeem_type":"F","issue_type":"","bond_type":"T","warrant":"","sale_rrg":"","rate":"","after_hour_vol":"0","float_shares":"34532000","float_market_capital":"1.03596E8","disnext_pay_date":"","convert_rate":"","volume_ratio":"0.0","percent5m":"0.0","pankou_ratio":"47.83%","dividend_pay_date":"Tue Aug 15 00:00:00 CST 2017","ex_dividend_date":"Thu Jul 27 00:00:00 CST 2017","moving_avg_200_day":"3.61","chg_from_200_day_moving_avg":"-0.61","pct_chg_from_200_day_moving_avg":"-0.17010000000000003","moving_avg_50_day":"3.1","chg_from_50_day_moving_avg":"-0.1","pct_chg_from_50_day_moving_avg":"-0.0333","shares_outstanding":"7.9055E7","ebitda":"1.102E7","short_ratio":"5.6","pe_estimate_next_year":"","peg_ratio":"0.0","eps_estimate_next_year":"1.39","eps_estimate_next_quarter":"0.0","eps_estimate_current_quarter":"1.39","psr":"3.89","revenue":"5.568E7","profit_margin":"0.2555657327586207"},"OSN":{"symbol":"OSN","exchange":"NASDAQ","code":"OSN","name":"奥盛创新","current":"3.06","percentage":"0.0","change":"0.00","open":"0.0","high":"0.0","low":"0.0","close":"3.06","last_close":"3.06","high52week":"7.0","low52week":"1.19","volume":"0.0","lot_volume":"0.0","volumeAverage":"3565","marketCapital":"2.0186933E7","eps":"1.7081873271288308","pe_ttm":"1.791","pe_lyr":"1.9449","beta":"1.49","totalShares":"6597037","time":"Mon Dec 30 22:30:00 -0500 2019","afterHours":"0.0","afterHoursPct":"0.0","afterHoursChg":"0.0","afterHoursTime":"Mon Dec 30 03:55:08 -0500 2019","updateAt":"1577716200001","dividend":"0.0","yield":"0.0","turnover_rate":"","instOwn":"6.0","rise_stop":"0.0","fall_stop":"0.0","currency_unit":"USD","amount":"0.0","net_assets":"16.983","hasexist":"","has_warrant":"0","type":"0","flag":"1","rest_day":"","amplitude":"","market_status":"交易中","lot_size":"1","min_order_quantity":"0","max_order_quantity":"0","tick_size":"0.01","variable_tick_size":"0.0001 1 0.01","kzz_stock_symbol":"","kzz_stock_name":"","kzz_stock_current":"2.64","kzz_convert_price":"0.0","kzz_covert_value":"0.0","kzz_cpr":"0.0","kzz_putback_price":"0.0","kzz_convert_time":"","kzz_redempt_price":"0.0","kzz_straight_price":"0.0","kzz_stock_percent":"","pb":"0.13","benefit_before_tax":"0.0","benefit_after_tax":"0.0","convert_bond_ratio":"","totalissuescale":"","outstandingamt":"","maturitydate":"","remain_year":"","convertrate":"","interestrtmemo":"","release_date":"","circulation":"0.0","par_value":"0.0","due_time":"0.0","value_date":"","due_date":"","publisher":"","redeem_type":"F","issue_type":"","bond_type":"T","warrant":"","sale_rrg":"","rate":"","after_hour_vol":"0","float_shares":"2434000","float_market_capital":"4454220.0","disnext_pay_date":"","convert_rate":"","volume_ratio":"0.0","percent5m":"0.0","pankou_ratio":"33.33%","dividend_pay_date":"","ex_dividend_date":"","moving_avg_200_day":"2.0049","chg_from_200_day_moving_avg":"-0.1776","pct_chg_from_200_day_moving_avg":"-0.08857799999999999","moving_avg_50_day":"1.7081","chg_from_50_day_moving_avg":"0.1192","pct_chg_from_50_day_moving_avg":"0.06981","shares_outstanding":"6597000.0","ebitda":"8790000.0","short_ratio":"0.5","pe_estimate_next_year":"","peg_ratio":"0.0","eps_estimate_next_year":"","eps_estimate_next_quarter":"0.0","eps_estimate_current_quarter":"0.19","psr":"0.1073","revenue":"1.1252E8","profit_margin":"0.03922318698897974"},"MLCO":{"symbol":"MLCO","exchange":"NASDAQ","code":"MLCO","name":"新濠博亚娱乐","current":"24.32","percentage":"-0.21","change":"-0.05","open":"24.37","high":"24.48","low":"24.265","close":"24.32","last_close":"24.37","high52week":"26.97","low52week":"16.95","volume":"27682.0","lot_volume":"27682.0","volumeAverage":"0","marketCapital":"1.1357822651E10","eps":"0.9482185882842226","pe_ttm":"25.648","pe_lyr":"32.3111","beta":"1.85","totalShares":"467015734","time":"Mon Dec 30 22:37:17 -0500 2019","afterHours":"24.35","afterHoursPct":"-0.08","afterHoursChg":"-0.02","afterHoursTime":"Mon Dec 30 09:29:55 -0500 2019","updateAt":"1577716637529","dividend":"0.63244","yield":"2.59516","turnover_rate":"0.01%","instOwn":"10.47","rise_stop":"0.0","fall_stop":"0.0","currency_unit":"USD","amount":"673946.0","net_assets":"5.0906","hasexist":"","has_warrant":"0","type":"0","flag":"1","rest_day":"","amplitude":"0.88%","market_status":"交易中","lot_size":"1","min_order_quantity":"0","max_order_quantity":"0","tick_size":"0.01","variable_tick_size":"0.0001 1 0.01","kzz_stock_symbol":"","kzz_stock_name":"","kzz_stock_current":"21.79","kzz_convert_price":"0.0","kzz_covert_value":"0.0","kzz_cpr":"0.0","kzz_putback_price":"0.0","kzz_convert_time":"","kzz_redempt_price":"0.0","kzz_straight_price":"0.0","kzz_stock_percent":"","pb":"4.47","benefit_before_tax":"0.0","benefit_after_tax":"0.0","convert_bond_ratio":"","totalissuescale":"","outstandingamt":"","maturitydate":"","remain_year":"","convertrate":"","interestrtmemo":"","release_date":"","circulation":"0.0","par_value":"0.0","due_time":"0.0","value_date":"","due_date":"","publisher":"","redeem_type":"T","issue_type":"","bond_type":"T","warrant":"","sale_rrg":"","rate":"","after_hour_vol":"0","float_shares":"260628000","float_market_capital":"6.58867584E9","disnext_pay_date":"","convert_rate":"","volume_ratio":"0.0","percent5m":"0.0","pankou_ratio":"20.0%","dividend_pay_date":"Wed May 31 00:00:00 CST 2017","ex_dividend_date":"Fri Aug 04 00:00:00 CST 2017","moving_avg_200_day":"22.23","chg_from_200_day_moving_avg":"3.05","pct_chg_from_200_day_moving_avg":"0.1374","moving_avg_50_day":"23.59","chg_from_50_day_moving_avg":"1.69","pct_chg_from_50_day_moving_avg":"0.0718","shares_outstanding":"4.89167E8","ebitda":"1.11E9","short_ratio":"1.11","pe_estimate_next_year":"26.89","peg_ratio":"3.51","eps_estimate_next_year":"0.94","eps_estimate_next_quarter":"0.22","eps_estimate_current_quarter":"0.83","psr":"2.35","revenue":"4.92E9","profit_margin":"0.05170057723577236"},"SOL":{"symbol":"SOL","exchange":"NYSE","code":"SOL","name":"昱辉阳光","current":"1.3559","percentage":"-1.03","change":"-0.0141","open":"1.35","high":"1.3559","low":"1.35","close":"1.3559","last_close":"1.37","high52week":"2.11","low52week":"0.859","volume":"8628.0","lot_volume":"8628.0","volumeAverage":"1090000","marketCapital":"5.1663451E7","eps":"-0.062234146136625486","pe_ttm":"","pe_lyr":"29.3591","beta":"2.07","totalShares":"38102700","time":"Mon Dec 30 22:31:14 -0500 2019","afterHours":"1.37","afterHoursPct":"0.0","afterHoursChg":"0.0","afterHoursTime":"Mon Dec 30 09:05:19 -0500 2019","updateAt":"1577716274723","dividend":"0.0","yield":"0.0","turnover_rate":"0.02%","instOwn":"6.0","rise_stop":"0.0","fall_stop":"0.0","currency_unit":"USD","amount":"11674.0","net_assets":"2.4778","hasexist":"","has_warrant":"0","type":"0","flag":"1","rest_day":"","amplitude":"0.43%","market_status":"交易中","lot_size":"1","min_order_quantity":"0","max_order_quantity":"0","tick_size":"0.01","variable_tick_size":"0.01","kzz_stock_symbol":"","kzz_stock_name":"","kzz_stock_current":"1.5","kzz_convert_price":"0.0","kzz_covert_value":"0.0","kzz_cpr":"0.0","kzz_putback_price":"0.0","kzz_convert_time":"","kzz_redempt_price":"0.0","kzz_straight_price":"0.0","kzz_stock_percent":"","pb":"4.17","benefit_before_tax":"0.0","benefit_after_tax":"0.0","convert_bond_ratio":"","totalissuescale":"","outstandingamt":"","maturitydate":"","remain_year":"","convertrate":"","interestrtmemo":"","release_date":"","circulation":"0.0","par_value":"0.0","due_time":"0.0","value_date":"","due_date":"","publisher":"","redeem_type":"F","issue_type":"","bond_type":"T","warrant":"","sale_rrg":"","rate":"","after_hour_vol":"0","float_shares":"15986000","float_market_capital":"4.603968E7","disnext_pay_date":"","convert_rate":"","volume_ratio":"0.0","percent5m":"0.0","pankou_ratio":"84.62%","dividend_pay_date":"","ex_dividend_date":"","moving_avg_200_day":"2.51","chg_from_200_day_moving_avg":"0.37","pct_chg_from_200_day_moving_avg":"0.1484","moving_avg_50_day":"2.42","chg_from_50_day_moving_avg":"0.46","pct_chg_from_50_day_moving_avg":"0.19079999999999997","shares_outstanding":"2.0053E7","ebitda":"1.449E7","short_ratio":"6.0","pe_estimate_next_year":"41.14","peg_ratio":"-0.07","eps_estimate_next_year":"0.07","eps_estimate_next_quarter":"0.0","eps_estimate_current_quarter":"-2.68","psr":"0.08","revenue":"7.2734E8","profit_margin":"-0.13785162372480544"},"NFEC":{"symbol":"NFEC","exchange":"NASDAQ","code":"NFEC","name":"能发伟业","current":"7.00","percentage":"0.0","change":"0.00","open":"0.0","high":"0.0","low":"0.0","close":"7.0","last_close":"7.0","high52week":"20.7","low52week":"6.33","volume":"0.0","lot_volume":"0.0","volumeAverage":"9797","marketCapital":"5.3013023E7","eps":"454.7318608863335","pe_ttm":"","pe_lyr":"","beta":"-0.68","totalShares":"7573289","time":"Mon Dec 30 22:27:05 -0500 2019","afterHours":"0.0","afterHoursPct":"0.0","afterHoursChg":"0.0","afterHoursTime":"Mon Dec 30 03:55:08 -0500 2019","updateAt":"1577716025904","dividend":"0.0","yield":"0.0","turnover_rate":"","instOwn":"0.0","rise_stop":"0.0","fall_stop":"0.0","currency_unit":"USD","amount":"0.0","net_assets":"3.15","hasexist":"","has_warrant":"0","type":"0","flag":"1","rest_day":"","amplitude":"","market_status":"交易中","lot_size":"1","min_order_quantity":"0","max_order_quantity":"0","tick_size":"0.01","variable_tick_size":"0.0001 1 0.01","kzz_stock_symbol":"","kzz_stock_name":"","kzz_stock_current":"7.14","kzz_convert_price":"0.0","kzz_covert_value":"0.0","kzz_cpr":"0.0","kzz_putback_price":"0.0","kzz_convert_time":"","kzz_redempt_price":"0.0","kzz_straight_price":"0.0","kzz_stock_percent":"","pb":"0.24","benefit_before_tax":"0.0","benefit_after_tax":"0.0","convert_bond_ratio":"","totalissuescale":"","outstandingamt":"","maturitydate":"","remain_year":"","convertrate":"","interestrtmemo":"","release_date":"","circulation":"0.0","par_value":"0.0","due_time":"0.0","value_date":"","due_date":"","publisher":"","redeem_type":"F","issue_type":"","bond_type":"T","warrant":"","sale_rrg":"","rate":"","after_hour_vol":"0","float_shares":"3699000","float_market_capital":"3329100.0","disnext_pay_date":"","convert_rate":"","volume_ratio":"0.0","percent5m":"0.0","pankou_ratio":"-81.82%","dividend_pay_date":"","ex_dividend_date":"","moving_avg_200_day":"0.92","chg_from_200_day_moving_avg":"-0.02","pct_chg_from_200_day_moving_avg":"-0.0167","moving_avg_50_day":"0.89","chg_from_50_day_moving_avg":"0.01","pct_chg_from_50_day_moving_avg":"0.0144","shares_outstanding":"7073000.0","ebitda":"-369619.0","short_ratio":"3.2","pe_estimate_next_year":"","peg_ratio":"0.0","eps_estimate_next_year":"","eps_estimate_next_quarter":"0.0","eps_estimate_current_quarter":"1.03","psr":"0.95","revenue":"6510000.0","profit_margin":"-0.2716205837173579"},"RCON":{"symbol":"RCON","exchange":"NASDAQ","code":"RCON","name":"研控科技","current":"2.3688","percentage":"1.67","change":"0.0388","open":"2.48","high":"2.48","low":"2.3301","close":"2.3688","last_close":"2.33","high52week":"6.1","low52week":"2.25","volume":"1773.0","lot_volume":"1773.0","volumeAverage":"29218","marketCapital":"1.0919997E7","eps":"-0.0","pe_ttm":"","pe_lyr":"","beta":"1.91","totalShares":"4609928","time":"Mon Dec 30 22:35:42 -0500 2019","afterHours":"2.33","afterHoursPct":"0.0","afterHoursChg":"0.0","afterHoursTime":"Mon Dec 30 09:08:20 -0500 2019","updateAt":"1577716542112","dividend":"0.0","yield":"0.0","turnover_rate":"0.04%","instOwn":"2.0","rise_stop":"0.0","fall_stop":"0.0","currency_unit":"USD","amount":"4323.0","net_assets":"0.6277748357640727","hasexist":"","has_warrant":"0","type":"0","flag":"1","rest_day":"","amplitude":"6.43%","market_status":"交易中","lot_size":"1","min_order_quantity":"0","max_order_quantity":"0","tick_size":"0.01","variable_tick_size":"0.0001 1 0.01","kzz_stock_symbol":"","kzz_stock_name":"","kzz_stock_current":"0.63","kzz_convert_price":"0.0","kzz_covert_value":"0.0","kzz_cpr":"0.0","kzz_putback_price":"0.0","kzz_convert_time":"","kzz_redempt_price":"0.0","kzz_straight_price":"0.0","kzz_stock_percent":"","pb":"3.02","benefit_before_tax":"0.0","benefit_after_tax":"0.0","convert_bond_ratio":"","totalissuescale":"","outstandingamt":"","maturitydate":"","remain_year":"","convertrate":"","interestrtmemo":"","release_date":"","circulation":"0.0","par_value":"0.0","due_time":"0.0","value_date":"","due_date":"","publisher":"","redeem_type":"F","issue_type":"","bond_type":"T","warrant":"","sale_rrg":"","rate":"","after_hour_vol":"0","float_shares":"5841000","float_market_capital":"8819910.0","disnext_pay_date":"","convert_rate":"","volume_ratio":"0.0","percent5m":"0.0","pankou_ratio":"-11.76%","dividend_pay_date":"","ex_dividend_date":"","moving_avg_200_day":"1.16","chg_from_200_day_moving_avg":"0.35","pct_chg_from_200_day_moving_avg":"0.303","moving_avg_50_day":"1.24","chg_from_50_day_moving_avg":"0.27","pct_chg_from_50_day_moving_avg":"0.2147","shares_outstanding":"9902000.0","ebitda":"-4480000.0","short_ratio":"6.87","pe_estimate_next_year":"","peg_ratio":"0.0","eps_estimate_next_year":"","eps_estimate_next_quarter":"0.0","eps_estimate_current_quarter":"","psr":"1.74","revenue":"9040000.0","profit_margin":"-0.8105619469026548"},"SSW":{"symbol":"SSW","exchange":"NYSE","code":"SSW","name":"塞斯潘","current":"14.35","percentage":"0.28","change":"0.04","open":"14.27","high":"14.35","low":"14.27","close":"14.35","last_close":"14.31","high52week":"14.5","low52week":"7.602","volume":"18492.0","lot_volume":"18492.0","volumeAverage":"190172","marketCapital":"3.09548696E9","eps":"1.9995931916637697","pe_ttm":"7.176","pe_lyr":"11.103","beta":"0.77","totalShares":"215713377","time":"Mon Dec 30 22:37:15 -0500 2019","afterHours":"14.32","afterHoursPct":"0.07","afterHoursChg":"0.01","afterHoursTime":"Mon Dec 30 09:29:45 -0500 2019","updateAt":"1577716635352","dividend":"0.5","yield":"3.49406","turnover_rate":"0.01%","instOwn":"12.0","rise_stop":"0.0","fall_stop":"0.0","currency_unit":"USD","amount":"264491.0","net_assets":"14.863","hasexist":"","has_warrant":"0","type":"0","flag":"1","rest_day":"","amplitude":"0.56%","market_status":"交易中","lot_size":"1","min_order_quantity":"0","max_order_quantity":"0","tick_size":"0.01","variable_tick_size":"0.01","kzz_stock_symbol":"","kzz_stock_name":"","kzz_stock_current":"11.03","kzz_convert_price":"0.0","kzz_covert_value":"0.0","kzz_cpr":"0.0","kzz_putback_price":"0.0","kzz_convert_time":"","kzz_redempt_price":"0.0","kzz_straight_price":"0.0","kzz_stock_percent":"","pb":"0.46","benefit_before_tax":"0.0","benefit_after_tax":"0.0","convert_bond_ratio":"","totalissuescale":"","outstandingamt":"","maturitydate":"","remain_year":"","convertrate":"","interestrtmemo":"","release_date":"","circulation":"0.0","par_value":"0.0","due_time":"0.0","value_date":"","due_date":"","publisher":"","redeem_type":"T","issue_type":"0","bond_type":"T","warrant":"","sale_rrg":"0","rate":"","after_hour_vol":"0","float_shares":"56269000","float_market_capital":"3.93883E8","disnext_pay_date":"","convert_rate":"","volume_ratio":"0.0","percent5m":"0.0","pankou_ratio":"42.86%","dividend_pay_date":"Mon Oct 30 00:00:00 CST 2017","ex_dividend_date":"Thu Oct 19 00:00:00 CST 2017","moving_avg_200_day":"6.64","chg_from_200_day_moving_avg":"0.36","pct_chg_from_200_day_moving_avg":"0.0545","moving_avg_50_day":"7.13","chg_from_50_day_moving_avg":"-0.13","pct_chg_from_50_day_moving_avg":"-0.018799999999999997","shares_outstanding":"1.17837E8","ebitda":"5.01E8","short_ratio":"6.54","pe_estimate_next_year":"6.36","peg_ratio":"1.41","eps_estimate_next_year":"1.1","eps_estimate_next_quarter":"0.2","eps_estimate_current_quarter":"0.69","psr":"0.98","revenue":"8.44E8","profit_margin":"-0.22618002369668247"},"TYHT":{"symbol":"TYHT","exchange":"NASDAQ","code":"TYHT","name":"天益华泰","current":"0.6900","percentage":"-2.78","change":"-0.0197","open":"0.69","high":"0.69","low":"0.68","close":"0.69","last_close":"0.7097","high52week":"1.66","low52week":"0.4326","volume":"3819.0","lot_volume":"3819.0","volumeAverage":"0","marketCapital":"1.8860065E7","eps":"-0.05960730575030691","pe_ttm":"","pe_lyr":"23.6879","beta":"1.81","totalShares":"27333428","time":"Mon Dec 30 22:34:05 -0500 2019","afterHours":"0.712352","afterHoursPct":"0.42","afterHoursChg":"0.003","afterHoursTime":"Mon Dec 30 09:09:38 -0500 2019","updateAt":"1577716445151","dividend":"0.0","yield":"0.0","turnover_rate":"0.01%","instOwn":"0.0","rise_stop":"0.0","fall_stop":"0.0","currency_unit":"USD","amount":"2627.0","net_assets":"2.5407","hasexist":"","has_warrant":"0","type":"0","flag":"1","rest_day":"","amplitude":"1.41%","market_status":"交易中","lot_size":"1","min_order_quantity":"0","max_order_quantity":"0","tick_size":"0.0001","variable_tick_size":"0.0001 1 0.01","kzz_stock_symbol":"","kzz_stock_name":"","kzz_stock_current":"0.55","kzz_convert_price":"0.0","kzz_covert_value":"0.0","kzz_cpr":"0.0","kzz_putback_price":"0.0","kzz_convert_time":"","kzz_redempt_price":"0.0","kzz_straight_price":"0.0","kzz_stock_percent":"","pb":"1.15","benefit_before_tax":"0.0","benefit_after_tax":"0.0","convert_bond_ratio":"","totalissuescale":"","outstandingamt":"","maturitydate":"","remain_year":"","convertrate":"","interestrtmemo":"","release_date":"","circulation":"0.0","par_value":"0.0","due_time":"0.0","value_date":"","due_date":"","publisher":"","redeem_type":"F","issue_type":"","bond_type":"T","warrant":"","sale_rrg":"","rate":"","after_hour_vol":"0","float_shares":"14749000","float_market_capital":"5.01466E7","disnext_pay_date":"","convert_rate":"","volume_ratio":"0.0","percent5m":"0.0","pankou_ratio":"39.13%","dividend_pay_date":"","ex_dividend_date":"","moving_avg_200_day":"2.79","chg_from_200_day_moving_avg":"0.61","pct_chg_from_200_day_moving_avg":"0.218","moving_avg_50_day":"2.78","chg_from_50_day_moving_avg":"0.62","pct_chg_from_50_day_moving_avg":"0.2214","shares_outstanding":"2.1034E7","ebitda":"8020000.0","short_ratio":"0.27","pe_estimate_next_year":"","peg_ratio":"0.0","eps_estimate_next_year":"","eps_estimate_next_quarter":"0.0","eps_estimate_current_quarter":"","psr":"2.2","revenue":"3.359E7","profit_margin":"0.2567412920512057"},"TAL":{"symbol":"TAL","exchange":"NYSE","code":"TAL","name":"好未来","current":"48.56","percentage":"0.37","change":"0.18","open":"48.85","high":"48.8724","low":"48.5","close":"48.56","last_close":"48.38","high52week":"49.04","low52week":"24.66","volume":"38198.0","lot_volume":"38198.0","volumeAverage":"208438","marketCapital":"2.8737663146E10","eps":"0.34089729113994505","pe_ttm":"142.448","pe_lyr":"78.2539","beta":"0.27","totalShares":"591797017","time":"Mon Dec 30 22:37:12 -0500 2019","afterHours":"48.87","afterHoursPct":"1.01","afterHoursChg":"0.49","afterHoursTime":"Mon Dec 30 09:29:58 -0500 2019","updateAt":"1577716632621","dividend":"0.49","yield":"1.3151","turnover_rate":"0.01%","instOwn":"76.61","rise_stop":"0.0","fall_stop":"0.0","currency_unit":"USD","amount":"1862076.0","net_assets":"4.2474","hasexist":"","has_warrant":"0","type":"0","flag":"1","rest_day":"","amplitude":"0.77%","market_status":"交易中","lot_size":"1","min_order_quantity":"0","max_order_quantity":"0","tick_size":"0.01","variable_tick_size":"0.01","kzz_stock_symbol":"","kzz_stock_name":"","kzz_stock_current":"43.07","kzz_convert_price":"0.0","kzz_covert_value":"0.0","kzz_cpr":"0.0","kzz_putback_price":"0.0","kzz_convert_time":"","kzz_redempt_price":"0.0","kzz_straight_price":"0.0","kzz_stock_percent":"","pb":"19.93","benefit_before_tax":"0.0","benefit_after_tax":"0.0","convert_bond_ratio":"","totalissuescale":"","outstandingamt":"","maturitydate":"","remain_year":"","convertrate":"","interestrtmemo":"","release_date":"","circulation":"0.0","par_value":"0.0","due_time":"0.0","value_date":"","due_date":"","publisher":"","redeem_type":"F","issue_type":"","bond_type":"T","warrant":"","sale_rrg":"","rate":"","after_hour_vol":"0","float_shares":"0","float_market_capital":"8.28189955E9","disnext_pay_date":"","convert_rate":"","volume_ratio":"0.0","percent5m":"0.0","pankou_ratio":"-42.86%","dividend_pay_date":"Thu May 25 00:00:00 CST 2017","ex_dividend_date":"Tue May 09 00:00:00 CST 2017","moving_avg_200_day":"25.79","chg_from_200_day_moving_avg":"1.71","pct_chg_from_200_day_moving_avg":"0.0662","moving_avg_50_day":"33.07","chg_from_50_day_moving_avg":"-5.57","pct_chg_from_50_day_moving_avg":"-0.1685","shares_outstanding":"4.94207E8","ebitda":"1.8299E8","short_ratio":"3.7","pe_estimate_next_year":"50.0","peg_ratio":"2.84","eps_estimate_next_year":"0.55","eps_estimate_next_quarter":"0.1","eps_estimate_current_quarter":"0.32","psr":"11.48","revenue":"1.17E9","profit_margin":"0.10137579487179488"},"TOUR":{"symbol":"TOUR","exchange":"NASDAQ","code":"TOUR","name":"途牛","current":"2.3075","percentage":"-1.81","change":"-0.0425","open":"2.32","high":"2.32","low":"2.3075","close":"2.3075","last_close":"2.35","high52week":"5.79","low52week":"2.18","volume":"1759.0","lot_volume":"1759.0","volumeAverage":"277848","marketCapital":"2.83880446E8","eps":"-0.46153972065629173","pe_ttm":"","pe_lyr":"","beta":"1.53","totalShares":"123025112","time":"Mon Dec 30 22:35:56 -0500 2019","afterHours":"0.0","afterHoursPct":"0.0","afterHoursChg":"0.0","afterHoursTime":"Mon Dec 30 03:55:11 -0500 2019","updateAt":"1577716556838","dividend":"0.0","yield":"0.0","turnover_rate":"","instOwn":"17.0","rise_stop":"0.0","fall_stop":"0.0","currency_unit":"USD","amount":"4077.0","net_assets":"3.5781104638680956","hasexist":"","has_warrant":"0","type":"0","flag":"1","rest_day":"","amplitude":"0.53%","market_status":"交易中","lot_size":"1","min_order_quantity":"0","max_order_quantity":"0","tick_size":"0.01","variable_tick_size":"0.0001 1 0.01","kzz_stock_symbol":"","kzz_stock_name":"","kzz_stock_current":"2.87","kzz_convert_price":"0.0","kzz_covert_value":"0.0","kzz_cpr":"0.0","kzz_putback_price":"0.0","kzz_convert_time":"","kzz_redempt_price":"0.0","kzz_straight_price":"0.0","kzz_stock_percent":"","pb":"1.49","benefit_before_tax":"0.0","benefit_after_tax":"0.0","convert_bond_ratio":"","totalissuescale":"","outstandingamt":"","maturitydate":"","remain_year":"","convertrate":"","interestrtmemo":"","release_date":"","circulation":"0.0","par_value":"0.0","due_time":"0.0","value_date":"","due_date":"","publisher":"","redeem_type":"T","issue_type":"","bond_type":"T","warrant":"","sale_rrg":"","rate":"","after_hour_vol":"0","float_shares":"0","float_market_capital":"3.004776E8","disnext_pay_date":"","convert_rate":"","volume_ratio":"0.0","percent5m":"0.0","pankou_ratio":"84.62%","dividend_pay_date":"","ex_dividend_date":"","moving_avg_200_day":"7.9","chg_from_200_day_moving_avg":"-1.06","pct_chg_from_200_day_moving_avg":"-0.1341","moving_avg_50_day":"7.69","chg_from_50_day_moving_avg":"-0.85","pct_chg_from_50_day_moving_avg":"-0.111","shares_outstanding":"9.3337E7","ebitda":"-2.3905E8","short_ratio":"9.03","pe_estimate_next_year":"","peg_ratio":"6131.0","eps_estimate_next_year":"-0.04","eps_estimate_next_quarter":"-0.22","eps_estimate_current_quarter":"-0.77","psr":"0.61","revenue":"1.05E9","profit_margin":"-0.17956260952380954"}}