{"SFUN":{"symbol":"SFUN","exchange":"NYSE","code":"SFUN","name":"房天下","current":"2.07","percentage":"-5.05","change":"-0.11","open":"2.19","high":"2.19","low":"2.05","close":"2.07","last_close":"2.18","high52week":"10.73","low52week":"1.46","volume":"20091.0","lot_volume":"20091.0","volumeAverage":"147944","marketCapital":"9.52775487E8","eps":"-0.36","pe_ttm":"","pe_lyr":"43.8","beta":"0.99","totalShares":"435057300","time":"Wed Oct 30 10:22:13 -0400 2019","afterHours":"2.19","afterHoursPct":"0.0","afterHoursChg":"0.0","afterHoursTime":"Wed Oct 30 03:59:48 -0400 2019","updateAt":"1572422329282","dividend":"0.19","yield":"5.44","turnover_rate":"","instOwn":"177.18","rise_stop":"0.0","fall_stop":"0.0","currency_unit":"USD","amount":"0.0","net_assets":"1.34","hasexist":"","has_warrant":"0","type":"1","flag":"1","rest_day":"","amplitude":"6.42%","market_status":"休市","lot_size":"1","min_order_quantity":"0","max_order_quantity":"0","tick_size":"0.01","variable_tick_size":"0.01","kzz_stock_symbol":"","kzz_stock_name":"","kzz_stock_current":"2.09","kzz_convert_price":"0.0","kzz_covert_value":"0.0","kzz_cpr":"0.0","kzz_putback_price":"0.0","kzz_convert_time":"","kzz_redempt_price":"0.0","kzz_straight_price":"0.0","kzz_stock_percent":"","pb":"3.39","benefit_before_tax":"0.0","benefit_after_tax":"0.0","convert_bond_ratio":"","totalissuescale":"","outstandingamt":"","maturitydate":"","remain_year":"","convertrate":"","interestrtmemo":"","release_date":"","circulation":"0.0","par_value":"0.0","due_time":"0.0","value_date":"","due_date":"","publisher":"","redeem_type":"F","issue_type":"","bond_type":"T","warrant":"","sale_rrg":"","rate":"","after_hour_vol":"0","float_shares":"234517000","float_market_capital":"1.06470718E9","disnext_pay_date":"","convert_rate":"","volume_ratio":"0.0","percent5m":"0.0","pankou_ratio":"30.43%","dividend_pay_date":"Tue Mar 31 00:00:00 CST 2015","ex_dividend_date":"Wed Mar 11 00:00:00 CST 2015","moving_avg_200_day":"3.63","chg_from_200_day_moving_avg":"0.91","pct_chg_from_200_day_moving_avg":"0.2521","moving_avg_50_day":"4.23","chg_from_50_day_moving_avg":"0.31","pct_chg_from_50_day_moving_avg":"0.0723","shares_outstanding":"4.35057E8","ebitda":"9320000.0","short_ratio":"8.49","pe_estimate_next_year":"23.89","peg_ratio":"0.42","eps_estimate_next_year":"0.19","eps_estimate_next_quarter":"0.03","eps_estimate_current_quarter":"0.04","psr":"3.0","revenue":"6.4469E8","profit_margin":"-0.04723819199925546"},"NOAH":{"symbol":"NOAH","exchange":"NYSE","code":"NOAH","name":"诺亚财富","current":"31.69","percentage":"1.8","change":"0.56","open":"30.88","high":"31.74","low":"30.78","close":"31.69","last_close":"31.13","high52week":"60.14","low52week":"26.48","volume":"50870.0","lot_volume":"50870.0","volumeAverage":"322549","marketCapital":"1.753731462E9","eps":"1.73","pe_ttm":"17.9538","pe_lyr":"16.9281","beta":"1.93","totalShares":"56462700","time":"Wed Oct 30 10:24:57 -0400 2019","afterHours":"31.06","afterHoursPct":"0.0","afterHoursChg":"0.0","afterHoursTime":"Wed Oct 30 03:59:43 -0400 2019","updateAt":"1572422323989","dividend":"0.0","yield":"0.0","turnover_rate":"","instOwn":"75.0","rise_stop":"0.0","fall_stop":"0.0","currency_unit":"USD","amount":"2599965.7","net_assets":"10.18","hasexist":"","has_warrant":"0","type":"1","flag":"1","rest_day":"","amplitude":"3.08%","market_status":"休市","lot_size":"1","min_order_quantity":"0","max_order_quantity":"0","tick_size":"0.01","variable_tick_size":"0.01","kzz_stock_symbol":"","kzz_stock_name":"","kzz_stock_current":"31.37","kzz_convert_price":"0.0","kzz_covert_value":"0.0","kzz_cpr":"0.0","kzz_putback_price":"0.0","kzz_convert_time":"","kzz_redempt_price":"0.0","kzz_straight_price":"0.0","kzz_stock_percent":"","pb":"3.85","benefit_before_tax":"0.0","benefit_after_tax":"0.0","convert_bond_ratio":"","totalissuescale":"","outstandingamt":"","maturitydate":"","remain_year":"","convertrate":"","interestrtmemo":"","release_date":"","circulation":"0.0","par_value":"0.0","due_time":"0.0","value_date":"","due_date":"","publisher":"","redeem_type":"F","issue_type":"","bond_type":"T","warrant":"","sale_rrg":"","rate":"","after_hour_vol":"0","float_shares":"17056000","float_market_capital":"6.6893632E8","disnext_pay_date":"","convert_rate":"","volume_ratio":"0.0","percent5m":"0.0","pankou_ratio":"0.0%","dividend_pay_date":"Tue Apr 09 00:00:00 CST 2013","ex_dividend_date":"Mon Mar 18 00:00:00 CST 2013","moving_avg_200_day":"30.2","chg_from_200_day_moving_avg":"9.02","pct_chg_from_200_day_moving_avg":"0.2988","moving_avg_50_day":"34.86","chg_from_50_day_moving_avg":"4.36","pct_chg_from_50_day_moving_avg":"0.1252","shares_outstanding":"5.6461E7","ebitda":"1.207E8","short_ratio":"18.02","pe_estimate_next_year":"19.42","peg_ratio":"0.0","eps_estimate_next_year":"2.02","eps_estimate_next_quarter":"0.0","eps_estimate_current_quarter":"1.65","psr":"5.53","revenue":"4.0275E8","profit_margin":"0.24813400372439479"},"SPI":{"symbol":"SPI","exchange":"NASDAQ","code":"SPI","name":"阳光动力","current":"2.49","percentage":"0.4","change":"0.01","open":"2.49","high":"2.49","low":"0.0","close":"2.49","last_close":"2.48","high52week":"7.32","low52week":"0.61","volume":"0.0","lot_volume":"0.0","volumeAverage":"580973","marketCapital":"1.6360068352E8","eps":"-0.09","pe_ttm":"","pe_lyr":"","beta":"4.96","totalShares":"63906517","time":"Tue Oct 29 10:27:11 -0400 2019","afterHours":"2.56","afterHoursPct":"0.0","afterHoursChg":"0.0","afterHoursTime":"Wed Oct 30 03:59:48 -0400 2019","updateAt":"1572422330053","dividend":"0.0","yield":"0.0","turnover_rate":"","instOwn":"0.0","rise_stop":"0.0","fall_stop":"0.0","currency_unit":"USD","amount":"0.0","net_assets":"0.2042","hasexist":"","has_warrant":"0","type":"1","flag":"1","rest_day":"","amplitude":"","market_status":"休市","lot_size":"1","min_order_quantity":"0","max_order_quantity":"0","tick_size":"0.01","variable_tick_size":"0.0001 1 0.01","kzz_stock_symbol":"","kzz_stock_name":"","kzz_stock_current":"2.55","kzz_convert_price":"0.0","kzz_covert_value":"0.0","kzz_cpr":"0.0","kzz_putback_price":"0.0","kzz_convert_time":"","kzz_redempt_price":"0.0","kzz_straight_price":"0.0","kzz_stock_percent":"","pb":"0.62","benefit_before_tax":"0.0","benefit_after_tax":"0.0","convert_bond_ratio":"","totalissuescale":"","outstandingamt":"","maturitydate":"","remain_year":"","convertrate":"","interestrtmemo":"","release_date":"","circulation":"0.0","par_value":"0.0","due_time":"0.0","value_date":"","due_date":"","publisher":"","redeem_type":"T","issue_type":"","bond_type":"F","warrant":"","sale_rrg":"","rate":"","after_hour_vol":"0","float_shares":"48123000","float_market_capital":"6101996.4","disnext_pay_date":"","convert_rate":"","volume_ratio":"0.0","percent5m":"0.0","pankou_ratio":"0.0%","dividend_pay_date":"","ex_dividend_date":"","moving_avg_200_day":"0.1752","chg_from_200_day_moving_avg":"-0.0484","pct_chg_from_200_day_moving_avg":"-0.276433","moving_avg_50_day":"0.1697","chg_from_50_day_moving_avg":"-0.0429","pct_chg_from_50_day_moving_avg":"-0.252773","shares_outstanding":"6.41665E8","ebitda":"-1.6463E8","short_ratio":"0.07","pe_estimate_next_year":"","peg_ratio":"0.0","eps_estimate_next_year":"","eps_estimate_next_quarter":"0.0","eps_estimate_current_quarter":"","psr":"0.4255","revenue":"1.9603E8","profit_margin":"-1.134853111768607"},"SGOC":{"symbol":"SGOC","exchange":"NASDAQ","code":"SGOC","name":"上为集团","current":"1.00","percentage":"0.0","change":"0.00","open":"0.0","high":"0.0","low":"0.0","close":"1.0","last_close":"1.0","high52week":"1.3","low52week":"0.8","volume":"0.0","lot_volume":"0.0","volumeAverage":"3425","marketCapital":"9387928.0","eps":"-0.34","pe_ttm":"","pe_lyr":"","beta":"-0.17","totalShares":"9387928","time":"Fri Jul 12 10:04:07 -0400 2019","afterHours":"1.0","afterHoursPct":"0.0","afterHoursChg":"0.0","afterHoursTime":"Wed Oct 30 03:59:48 -0400 2019","updateAt":"1572422329327","dividend":"0.0","yield":"0.0","turnover_rate":"","instOwn":"1.0","rise_stop":"0.0","fall_stop":"0.0","currency_unit":"USD","amount":"0.0","net_assets":"10.358","hasexist":"","has_warrant":"0","type":"1","flag":"1","rest_day":"","amplitude":"","market_status":"休市","lot_size":"1","min_order_quantity":"0","max_order_quantity":"0","tick_size":"0.01","variable_tick_size":"0.0001 1 0.01","kzz_stock_symbol":"","kzz_stock_name":"","kzz_stock_current":"1.05","kzz_convert_price":"0.0","kzz_covert_value":"0.0","kzz_cpr":"0.0","kzz_putback_price":"0.0","kzz_convert_time":"","kzz_redempt_price":"0.0","kzz_straight_price":"0.0","kzz_stock_percent":"","pb":"0.11","benefit_before_tax":"0.0","benefit_after_tax":"0.0","convert_bond_ratio":"","totalissuescale":"","outstandingamt":"","maturitydate":"","remain_year":"","convertrate":"","interestrtmemo":"","release_date":"","circulation":"0.0","par_value":"0.0","due_time":"0.0","value_date":"","due_date":"","publisher":"","redeem_type":"F","issue_type":"0","bond_type":"T","warrant":"","sale_rrg":"0","rate":"","after_hour_vol":"0","float_shares":"3505000","float_market_capital":"4135900.0","disnext_pay_date":"","convert_rate":"","volume_ratio":"0.0","percent5m":"0.0","pankou_ratio":"20.0%","dividend_pay_date":"","ex_dividend_date":"","moving_avg_200_day":"1.277","chg_from_200_day_moving_avg":"-0.094","pct_chg_from_200_day_moving_avg":"-0.07365000000000001","moving_avg_50_day":"1.15","chg_from_50_day_moving_avg":"0.033","pct_chg_from_50_day_moving_avg":"0.0287","shares_outstanding":"8367000.0","ebitda":"-2700000.0","short_ratio":"1.2","pe_estimate_next_year":"","peg_ratio":"0.0","eps_estimate_next_year":"","eps_estimate_next_quarter":"0.0","eps_estimate_current_quarter":"","psr":"2.063","revenue":"5070000.0","profit_margin":"-1.1222011834319527"},"UTSI":{"symbol":"UTSI","exchange":"NASDAQ","code":"UTSI","name":"UT斯达康","current":"2.94","percentage":"0.0","change":"0.00","open":"0.0","high":"0.0","low":"0.0","close":"2.94","last_close":"2.94","high52week":"4.11","low52week":"2.43","volume":"0.0","lot_volume":"0.0","volumeAverage":"8867","marketCapital":"1.04264816E8","eps":"0.26","pe_ttm":"11.3846","pe_lyr":"15.5789","beta":"0.85","totalShares":"35224600","time":"Wed Oct 23 09:48:05 -0400 2019","afterHours":"2.96","afterHoursPct":"0.0","afterHoursChg":"0.0","afterHoursTime":"Wed Oct 30 03:59:51 -0400 2019","updateAt":"1572422332680","dividend":"0.0","yield":"0.0","turnover_rate":"","instOwn":"23.53","rise_stop":"0.0","fall_stop":"0.0","currency_unit":"USD","amount":"0.0","net_assets":"2.78","hasexist":"","has_warrant":"0","type":"1","flag":"1","rest_day":"","amplitude":"","market_status":"休市","lot_size":"1","min_order_quantity":"0","max_order_quantity":"0","tick_size":"0.01","variable_tick_size":"0.0001 1 0.01","kzz_stock_symbol":"","kzz_stock_name":"","kzz_stock_current":"3.0","kzz_convert_price":"0.0","kzz_covert_value":"0.0","kzz_cpr":"0.0","kzz_putback_price":"0.0","kzz_convert_time":"","kzz_redempt_price":"0.0","kzz_straight_price":"0.0","kzz_stock_percent":"","pb":"1.15","benefit_before_tax":"0.0","benefit_after_tax":"0.0","convert_bond_ratio":"","totalissuescale":"","outstandingamt":"","maturitydate":"","remain_year":"","convertrate":"","interestrtmemo":"","release_date":"","circulation":"0.0","par_value":"0.0","due_time":"0.0","value_date":"","due_date":"","publisher":"","redeem_type":"F","issue_type":"","bond_type":"T","warrant":"","sale_rrg":"","rate":"","after_hour_vol":"0","float_shares":"14547000","float_market_capital":"4.65504E7","disnext_pay_date":"","convert_rate":"","volume_ratio":"0.0","percent5m":"0.0","pankou_ratio":"-90.91%","dividend_pay_date":"","ex_dividend_date":"","moving_avg_200_day":"2.29","chg_from_200_day_moving_avg":"0.91","pct_chg_from_200_day_moving_avg":"0.3944","moving_avg_50_day":"2.69","chg_from_50_day_moving_avg":"0.51","pct_chg_from_50_day_moving_avg":"0.1902","shares_outstanding":"3.5421E7","ebitda":"6110000.0","short_ratio":"0.26","pe_estimate_next_year":"","peg_ratio":"0.0","eps_estimate_next_year":"-0.04","eps_estimate_next_quarter":"0.0","eps_estimate_current_quarter":"-0.01","psr":"1.23","revenue":"9.163E7","profit_margin":"0.06185048564880498"},"RENN":{"symbol":"RENN","exchange":"NYSE","code":"RENN","name":"人人","current":"0.73","percentage":"-1.62","change":"-0.01","open":"0.73","high":"0.73","low":"0.73","close":"0.73","last_close":"0.74","high52week":"2.47","low52week":"0.54","volume":"1039.0","lot_volume":"1039.0","volumeAverage":"34094","marketCapital":"5.054607E7","eps":"-2.2","pe_ttm":"","pe_lyr":"","beta":"0.53","totalShares":"68305500","time":"Wed Oct 30 10:22:05 -0400 2019","afterHours":"0.74","afterHoursPct":"0.0","afterHoursChg":"0.0","afterHoursTime":"Wed Oct 30 03:59:46 -0400 2019","updateAt":"1572422327707","dividend":"9.168","yield":"804.17","turnover_rate":"","instOwn":"1.0","rise_stop":"0.0","fall_stop":"0.0","currency_unit":"USD","amount":"2129.95","net_assets":"10.41","hasexist":"","has_warrant":"0","type":"1","flag":"1","rest_day":"","amplitude":"","market_status":"休市","lot_size":"1","min_order_quantity":"0","max_order_quantity":"0","tick_size":"0.01","variable_tick_size":"0.01","kzz_stock_symbol":"","kzz_stock_name":"","kzz_stock_current":"0.73","kzz_convert_price":"0.0","kzz_covert_value":"0.0","kzz_cpr":"0.0","kzz_putback_price":"0.0","kzz_convert_time":"","kzz_redempt_price":"0.0","kzz_straight_price":"0.0","kzz_stock_percent":"","pb":"1.06","benefit_before_tax":"0.0","benefit_after_tax":"0.0","convert_bond_ratio":"","totalissuescale":"","outstandingamt":"","maturitydate":"","remain_year":"","convertrate":"","interestrtmemo":"","release_date":"","circulation":"0.0","par_value":"0.0","due_time":"0.0","value_date":"","due_date":"","publisher":"","redeem_type":"F","issue_type":"","bond_type":"T","warrant":"","sale_rrg":"","rate":"","after_hour_vol":"0","float_shares":"15190000","float_market_capital":"1.678495E8","disnext_pay_date":"","convert_rate":"","volume_ratio":"0.0","percent5m":"0.0","pankou_ratio":"-96.08%","dividend_pay_date":"","ex_dividend_date":"","moving_avg_200_day":"7.45","chg_from_200_day_moving_avg":"3.6","pct_chg_from_200_day_moving_avg":"0.4828","moving_avg_50_day":"9.03","chg_from_50_day_moving_avg":"2.02","pct_chg_from_50_day_moving_avg":"0.2232","shares_outstanding":"6.852E7","ebitda":"-6.785E7","short_ratio":"7.28","pe_estimate_next_year":"","peg_ratio":"0.0","eps_estimate_next_year":"-1.2","eps_estimate_next_quarter":"0.0","eps_estimate_current_quarter":"-1.46","psr":"8.91","revenue":"8.149E7","profit_margin":"-1.8414382132777027"},"SHI":{"symbol":"SHI","exchange":"NYSE","code":"SHI","name":"上石化","current":"28.00","percentage":"-1.13","change":"-0.32","open":"28.09","high":"28.3","low":"27.93","close":"28.0","last_close":"28.32","high52week":"52.67","low52week":"27.93","volume":"12068.0","lot_volume":"12068.0","volumeAverage":"52525","marketCapital":"9.89784E8","eps":"2.3","pe_ttm":"13.1721","pe_lyr":"3.519","beta":"1.04","totalShares":"3495000000","time":"Wed Oct 30 10:07:28 -0400 2019","afterHours":"28.32","afterHoursPct":"0.0","afterHoursChg":"0.0","afterHoursTime":"Wed Oct 30 03:59:48 -0400 2019","updateAt":"1572422329372","dividend":"3.221","yield":"11.37","turnover_rate":"","instOwn":"1.63","rise_stop":"0.0","fall_stop":"0.0","currency_unit":"USD","amount":"735423.92","net_assets":"34.4","hasexist":"","has_warrant":"0","type":"0","flag":"1","rest_day":"","amplitude":"1.31%","market_status":"休市","lot_size":"1","min_order_quantity":"0","max_order_quantity":"0","tick_size":"0.01","variable_tick_size":"0.01","kzz_stock_symbol":"","kzz_stock_name":"","kzz_stock_current":"28.02","kzz_convert_price":"0.0","kzz_covert_value":"0.0","kzz_cpr":"0.0","kzz_putback_price":"0.0","kzz_convert_time":"","kzz_redempt_price":"0.0","kzz_straight_price":"0.0","kzz_stock_percent":"","pb":"1.76","benefit_before_tax":"0.0","benefit_after_tax":"0.0","convert_bond_ratio":"","totalissuescale":"","outstandingamt":"","maturitydate":"","remain_year":"","convertrate":"","interestrtmemo":"","release_date":"","circulation":"0.0","par_value":"0.0","due_time":"0.0","value_date":"","due_date":"","publisher":"","redeem_type":"T","issue_type":"","bond_type":"T","warrant":"","sale_rrg":"","rate":"","after_hour_vol":"0","float_shares":"51247000","float_market_capital":"3.1004435E9","disnext_pay_date":"","convert_rate":"","volume_ratio":"0.0","percent5m":"0.0","pankou_ratio":"-50.0%","dividend_pay_date":"Mon Jul 24 00:00:00 CST 2017","ex_dividend_date":"Thu Jun 15 00:00:00 CST 2017","moving_avg_200_day":"58.2","chg_from_200_day_moving_avg":"2.3","pct_chg_from_200_day_moving_avg":"0.039599999999999996","moving_avg_50_day":"61.07","chg_from_50_day_moving_avg":"-0.57","pct_chg_from_50_day_moving_avg":"-0.009399999999999999","shares_outstanding":"1.08E8","ebitda":"1.12E9","short_ratio":"0.61","pe_estimate_next_year":"","peg_ratio":"0.0","eps_estimate_next_year":"0.03","eps_estimate_next_quarter":"0.0","eps_estimate_current_quarter":"-0.03","psr":"0.52","revenue":"1.265E10","profit_margin":"0.06488537549407114"},"SECO":{"symbol":"SECO","exchange":"NASDAQ","code":"SECO","name":"寺库","current":"6.11","percentage":"0.0","change":"0.00","open":"6.12","high":"6.12","low":"6.11","close":"6.11","last_close":"6.11","high52week":"11.37","low52week":"5.67","volume":"319.0","lot_volume":"319.0","volumeAverage":"54334","marketCapital":"3.107982647E8","eps":"0.42","pe_ttm":"14.5476","pe_lyr":"","beta":"0.0","totalShares":"51371614","time":"Wed Oct 30 09:51:02 -0400 2019","afterHours":"6.05","afterHoursPct":"0.0","afterHoursChg":"0.0","afterHoursTime":"Wed Oct 30 03:59:48 -0400 2019","updateAt":"1572422329166","dividend":"0.0","yield":"0.0","turnover_rate":"","instOwn":"0.0","rise_stop":"0.0","fall_stop":"0.0","currency_unit":"","amount":"3754.63","net_assets":"0.0","hasexist":"","has_warrant":"0","type":"1","flag":"1","rest_day":"","amplitude":"0.16%","market_status":"休市","lot_size":"1","min_order_quantity":"0","max_order_quantity":"0","tick_size":"0.01","variable_tick_size":"0.0001 1 0.01","kzz_stock_symbol":"","kzz_stock_name":"","kzz_stock_current":"6.12","kzz_convert_price":"0.0","kzz_covert_value":"0.0","kzz_cpr":"0.0","kzz_putback_price":"0.0","kzz_convert_time":"","kzz_redempt_price":"0.0","kzz_straight_price":"0.0","kzz_stock_percent":"","pb":"0.0","benefit_before_tax":"0.0","benefit_after_tax":"0.0","convert_bond_ratio":"","totalissuescale":"","outstandingamt":"","maturitydate":"","remain_year":"","convertrate":"","interestrtmemo":"","release_date":"","circulation":"0.0","par_value":"0.0","due_time":"0.0","value_date":"","due_date":"","publisher":"","redeem_type":"T","issue_type":"","bond_type":"T","warrant":"","sale_rrg":"","rate":"","after_hour_vol":"0","float_shares":"0","float_market_capital":"0.0","disnext_pay_date":"","convert_rate":"","volume_ratio":"0.0","percent5m":"0.0","pankou_ratio":"33.33%","dividend_pay_date":"","ex_dividend_date":"","moving_avg_200_day":"8.32","chg_from_200_day_moving_avg":"-1.08","pct_chg_from_200_day_moving_avg":"-0.13","moving_avg_50_day":"8.32","chg_from_50_day_moving_avg":"-1.08","pct_chg_from_50_day_moving_avg":"-0.13","shares_outstanding":"4250000.0","ebitda":"0.0","short_ratio":"0.0","pe_estimate_next_year":"","peg_ratio":"0.0","eps_estimate_next_year":"","eps_estimate_next_quarter":"0.0","eps_estimate_current_quarter":"","psr":"","revenue":"","profit_margin":""},"WBAI":{"symbol":"WBAI","exchange":"NYSE","code":"WBAI","name":"500彩票网","current":"9.85","percentage":"0.0","change":"0.00","open":"0.0","high":"0.0","low":"0.0","close":"9.85","last_close":"9.85","high52week":"15.88","low52week":"5.22","volume":"0.0","lot_volume":"0.0","volumeAverage":"85794","marketCapital":"4.0302011646E8","eps":"-1.07","pe_ttm":"","pe_lyr":"","beta":"1.62","totalShares":"41893983","time":"Tue Oct 29 10:05:22 -0400 2019","afterHours":"9.62","afterHoursPct":"0.0","afterHoursChg":"0.0","afterHoursTime":"Wed Oct 30 03:59:52 -0400 2019","updateAt":"1572422333543","dividend":"0.0","yield":"0.0","turnover_rate":"","instOwn":"19.0","rise_stop":"0.0","fall_stop":"0.0","currency_unit":"USD","amount":"0.0","net_assets":"5.91","hasexist":"","has_warrant":"0","type":"1","flag":"1","rest_day":"","amplitude":"","market_status":"休市","lot_size":"1","min_order_quantity":"0","max_order_quantity":"0","tick_size":"0.01","variable_tick_size":"0.01","kzz_stock_symbol":"","kzz_stock_name":"","kzz_stock_current":"9.69","kzz_convert_price":"0.0","kzz_covert_value":"0.0","kzz_cpr":"0.0","kzz_putback_price":"0.0","kzz_convert_time":"","kzz_redempt_price":"0.0","kzz_straight_price":"0.0","kzz_stock_percent":"","pb":"1.59","benefit_before_tax":"0.0","benefit_after_tax":"0.0","convert_bond_ratio":"","totalissuescale":"","outstandingamt":"","maturitydate":"","remain_year":"","convertrate":"","interestrtmemo":"","release_date":"","circulation":"0.0","par_value":"0.0","due_time":"0.0","value_date":"","due_date":"","publisher":"","redeem_type":"T","issue_type":"","bond_type":"T","warrant":"","sale_rrg":"","rate":"","after_hour_vol":"0","float_shares":"15218000","float_market_capital":"1.4320138E8","disnext_pay_date":"","convert_rate":"","volume_ratio":"0.0","percent5m":"0.0","pankou_ratio":"20.0%","dividend_pay_date":"","ex_dividend_date":"","moving_avg_200_day":"10.72","chg_from_200_day_moving_avg":"-1.31","pct_chg_from_200_day_moving_avg":"-0.1219","moving_avg_50_day":"11.05","chg_from_50_day_moving_avg":"-1.64","pct_chg_from_50_day_moving_avg":"-0.1481","shares_outstanding":"4.0767E7","ebitda":"-4.2E7","short_ratio":"13.19","pe_estimate_next_year":"","peg_ratio":"0.0","eps_estimate_next_year":"0.26","eps_estimate_next_quarter":"0.0","eps_estimate_current_quarter":"-0.39","psr":"61.56","revenue":"6810000.0","profit_margin":"-4.370030837004405"},"PETZ":{"symbol":"PETZ","exchange":"NASDAQ","code":"PETZ","name":"天地荟","current":"1.40","percentage":"-1.38","change":"-0.02","open":"1.45","high":"1.45","low":"1.4","close":"1.4","last_close":"1.42","high52week":"2.5","low52week":"0.44","volume":"3019.0","lot_volume":"3019.0","volumeAverage":"83032","marketCapital":"1.19925E7","eps":"-1.49","pe_ttm":"","pe_lyr":"135.0","beta":"0.0","totalShares":"9225000","time":"Wed Oct 30 10:09:31 -0400 2019","afterHours":"1.35","afterHoursPct":"0.0","afterHoursChg":"0.0","afterHoursTime":"Wed Oct 30 03:59:44 -0400 2019","updateAt":"1572422325788","dividend":"0.0","yield":"0.0","turnover_rate":"","instOwn":"0.0","rise_stop":"0.0","fall_stop":"0.0","currency_unit":"","amount":"9841.94","net_assets":"0.0","hasexist":"","has_warrant":"0","type":"1","flag":"1","rest_day":"","amplitude":"3.49%","market_status":"休市","lot_size":"1","min_order_quantity":"0","max_order_quantity":"0","tick_size":"0.01","variable_tick_size":"0.0001 1 0.01","kzz_stock_symbol":"","kzz_stock_name":"","kzz_stock_current":"1.42","kzz_convert_price":"0.0","kzz_covert_value":"0.0","kzz_cpr":"0.0","kzz_putback_price":"0.0","kzz_convert_time":"","kzz_redempt_price":"0.0","kzz_straight_price":"0.0","kzz_stock_percent":"","pb":"0.0","benefit_before_tax":"0.0","benefit_after_tax":"0.0","convert_bond_ratio":"","totalissuescale":"","outstandingamt":"","maturitydate":"","remain_year":"","convertrate":"","interestrtmemo":"","release_date":"","circulation":"0.0","par_value":"0.0","due_time":"0.0","value_date":"","due_date":"","publisher":"","redeem_type":"F","issue_type":"","bond_type":"T","warrant":"","sale_rrg":"","rate":"","after_hour_vol":"0","float_shares":"0","float_market_capital":"0.0","disnext_pay_date":"","convert_rate":"","volume_ratio":"0.0","percent5m":"0.0","pankou_ratio":"-66.67%","dividend_pay_date":"","ex_dividend_date":"","moving_avg_200_day":"20.8074","chg_from_200_day_moving_avg":"-4.6439","pct_chg_from_200_day_moving_avg":"-0.223185","moving_avg_50_day":"20.8074","chg_from_50_day_moving_avg":"-4.6439","pct_chg_from_50_day_moving_avg":"-0.223185","shares_outstanding":"9225000.0","ebitda":"0.0","short_ratio":"0.0","pe_estimate_next_year":"","peg_ratio":"0.0","eps_estimate_next_year":"","eps_estimate_next_quarter":"0.0","eps_estimate_current_quarter":"","psr":"","revenue":"","profit_margin":""},"MOXC":{"symbol":"MOXC","exchange":"NASDAQ","code":"MOXC","name":"MOXIAN INC","current":"1.71","percentage":"-11.62","change":"-0.22","open":"1.71","high":"1.71","low":"1.71","close":"1.71","last_close":"1.93","high52week":"5.1","low52week":"1.0","volume":"168.0","lot_volume":"168.0","volumeAverage":"7901","marketCapital":"3.12497E7","eps":"-0.05","pe_ttm":"","pe_lyr":"","beta":"1.66","totalShares":"16192000","time":"Wed Oct 30 09:50:11 -0400 2019","afterHours":"1.87","afterHoursPct":"0.0","afterHoursChg":"0.0","afterHoursTime":"Wed Oct 30 03:59:41 -0400 2019","updateAt":"1572422322744","dividend":"0.0","yield":"0.0","turnover_rate":"","instOwn":"0.0","rise_stop":"0.0","fall_stop":"0.0","currency_unit":"USD","amount":"290.64","net_assets":"-0.002","hasexist":"","has_warrant":"0","type":"0","flag":"1","rest_day":"","amplitude":"","market_status":"休市","lot_size":"1","min_order_quantity":"0","max_order_quantity":"0","tick_size":"0.01","variable_tick_size":"0.0001 1 0.01","kzz_stock_symbol":"","kzz_stock_name":"","kzz_stock_current":"1.71","kzz_convert_price":"0.0","kzz_covert_value":"0.0","kzz_cpr":"0.0","kzz_putback_price":"0.0","kzz_convert_time":"","kzz_redempt_price":"0.0","kzz_straight_price":"0.0","kzz_stock_percent":"","pb":"-1210.0","benefit_before_tax":"0.0","benefit_after_tax":"0.0","convert_bond_ratio":"","totalissuescale":"","outstandingamt":"","maturitydate":"","remain_year":"","convertrate":"","interestrtmemo":"","release_date":"","circulation":"0.0","par_value":"0.0","due_time":"0.0","value_date":"","due_date":"","publisher":"","redeem_type":"F","issue_type":"","bond_type":"T","warrant":"","sale_rrg":"","rate":"","after_hour_vol":"0","float_shares":"883000","float_market_capital":"2136860.0","disnext_pay_date":"","convert_rate":"","volume_ratio":"0.0","percent5m":"0.0","pankou_ratio":"36.0%","dividend_pay_date":"","ex_dividend_date":"","moving_avg_200_day":"2.9643","chg_from_200_day_moving_avg":"-0.546","pct_chg_from_200_day_moving_avg":"-0.184178","moving_avg_50_day":"2.6536","chg_from_50_day_moving_avg":"-0.2353","pct_chg_from_50_day_moving_avg":"-0.08866500000000001","shares_outstanding":"6.7007E7","ebitda":"-8760000.0","short_ratio":"4.99","pe_estimate_next_year":"","peg_ratio":"0.0","eps_estimate_next_year":"","eps_estimate_next_quarter":"0.0","eps_estimate_current_quarter":"","psr":"3435.6926","revenue":"48758.0","profit_margin":"-320.2065507198819"},"SMI":{"symbol":"SMI","exchange":"NYSE","code":"SMI","name":"中芯国际","current":"5.41","percentage":"0.0","change":"0.00","open":"0.0","high":"0.0","low":"0.0","close":"5.41","last_close":"5.41","high52week":"7.37","low52week":"3.74","volume":"0.0","lot_volume":"0.0","volumeAverage":"69921","marketCapital":"5.033057709E9","eps":"0.3","pe_ttm":"18.0333","pe_lyr":"27.05","beta":"0.63","totalShares":"930324900","time":"Thu Jun 13 15:59:59 -0400 2019","afterHours":"5.41","afterHoursPct":"0.0","afterHoursChg":"0.0","afterHoursTime":"Wed Oct 30 03:59:48 -0400 2019","updateAt":"1572422329704","dividend":"0.0","yield":"0.0","turnover_rate":"","instOwn":"2.58","rise_stop":"0.0","fall_stop":"0.0","currency_unit":"USD","amount":"0.0","net_assets":"5.05","hasexist":"","has_warrant":"0","type":"1","flag":"1","rest_day":"","amplitude":"","market_status":"休市","lot_size":"1","min_order_quantity":"0","max_order_quantity":"0","tick_size":"0.01","variable_tick_size":"0.01","kzz_stock_symbol":"","kzz_stock_name":"","kzz_stock_current":"5.39","kzz_convert_price":"0.0","kzz_covert_value":"0.0","kzz_cpr":"0.0","kzz_putback_price":"0.0","kzz_convert_time":"","kzz_redempt_price":"0.0","kzz_straight_price":"0.0","kzz_stock_percent":"","pb":"1.5","benefit_before_tax":"0.0","benefit_after_tax":"0.0","convert_bond_ratio":"","totalissuescale":"","outstandingamt":"","maturitydate":"","remain_year":"","convertrate":"","interestrtmemo":"","release_date":"","circulation":"0.0","par_value":"0.0","due_time":"0.0","value_date":"","due_date":"","publisher":"","redeem_type":"T","issue_type":"","bond_type":"T","warrant":"","sale_rrg":"","rate":"","after_hour_vol":"0","float_shares":"632368000","float_market_capital":"4.79967312E9","disnext_pay_date":"","convert_rate":"","volume_ratio":"0.0","percent5m":"0.0","pankou_ratio":"60.0%","dividend_pay_date":"","ex_dividend_date":"","moving_avg_200_day":"5.56","chg_from_200_day_moving_avg":"2.03","pct_chg_from_200_day_moving_avg":"0.3653","moving_avg_50_day":"6.0","chg_from_50_day_moving_avg":"1.59","pct_chg_from_50_day_moving_avg":"0.2644","shares_outstanding":"1.1E9","ebitda":"1.14E9","short_ratio":"3.2","pe_estimate_next_year":"36.14","peg_ratio":"-6.59","eps_estimate_next_year":"0.21","eps_estimate_next_quarter":"0.06","eps_estimate_current_quarter":"0.14","psr":"2.56","revenue":"3.13E9","profit_margin":"0.1194888178913738"},"SINA":{"symbol":"SINA","exchange":"NASDAQ","code":"SINA","name":"新浪","current":"39.91","percentage":"-1.99","change":"-0.81","open":"40.6","high":"40.79","low":"39.87","close":"39.91","last_close":"40.72","high52week":"70.83","low52week":"32.99","volume":"106150.0","lot_volume":"106150.0","volumeAverage":"652203","marketCapital":"2.912793731E9","eps":"3.01","pe_ttm":"13.5316","pe_lyr":"19.488","beta":"1.36","totalShares":"71514700","time":"Wed Oct 30 10:24:44 -0400 2019","afterHours":"40.73","afterHoursPct":"0.0","afterHoursChg":"0.0","afterHoursTime":"Wed Oct 30 03:59:48 -0400 2019","updateAt":"1572422329478","dividend":"0.0","yield":"0.0","turnover_rate":"","instOwn":"68.59","rise_stop":"0.0","fall_stop":"0.0","currency_unit":"USD","amount":"8517476.0","net_assets":"37.64","hasexist":"","has_warrant":"0","type":"1","flag":"1","rest_day":"","amplitude":"2.26%","market_status":"休市","lot_size":"1","min_order_quantity":"0","max_order_quantity":"0","tick_size":"0.01","variable_tick_size":"0.0001 1 0.01","kzz_stock_symbol":"","kzz_stock_name":"","kzz_stock_current":"40.14","kzz_convert_price":"0.0","kzz_covert_value":"0.0","kzz_cpr":"0.0","kzz_putback_price":"0.0","kzz_convert_time":"","kzz_redempt_price":"0.0","kzz_straight_price":"0.0","kzz_stock_percent":"","pb":"2.86","benefit_before_tax":"0.0","benefit_after_tax":"0.0","convert_bond_ratio":"","totalissuescale":"","outstandingamt":"","maturitydate":"","remain_year":"","convertrate":"","interestrtmemo":"","release_date":"","circulation":"0.0","par_value":"0.0","due_time":"0.0","value_date":"","due_date":"","publisher":"","redeem_type":"T","issue_type":"","bond_type":"T","warrant":"","sale_rrg":"","rate":"","after_hour_vol":"0","float_shares":"61294000","float_market_capital":"6.5982991E9","disnext_pay_date":"","convert_rate":"","volume_ratio":"0.0","percent5m":"0.0","pankou_ratio":"0.0%","dividend_pay_date":"","ex_dividend_date":"","moving_avg_200_day":"97.19","chg_from_200_day_moving_avg":"10.46","pct_chg_from_200_day_moving_avg":"0.1076","moving_avg_50_day":"113.52","chg_from_50_day_moving_avg":"-5.87","pct_chg_from_50_day_moving_avg":"-0.051699999999999996","shares_outstanding":"7.1196E7","ebitda":"2.65149999E8","short_ratio":"0.85","pe_estimate_next_year":"26.98","peg_ratio":"-1.78","eps_estimate_next_year":"3.99","eps_estimate_next_quarter":"0.9","eps_estimate_current_quarter":"2.94","psr":"6.12","revenue":"1.23E9","profit_margin":"0.17654292682926828"},"SORL":{"symbol":"SORL","exchange":"NASDAQ","code":"SORL","name":"瑞立集团","current":"3.23","percentage":"0.0","change":"0.00","open":"3.22","high":"3.23","low":"3.22","close":"3.23","last_close":"3.23","high52week":"4.08","low52week":"1.77","volume":"2675.0","lot_volume":"2675.0","volumeAverage":"23124","marketCapital":"6.17757472E7","eps":"1.27","pe_ttm":"2.5197","pe_lyr":"2.5397","beta":"2.45","totalShares":"19304921","time":"Wed Oct 30 09:57:07 -0400 2019","afterHours":"3.2","afterHoursPct":"0.0","afterHoursChg":"0.0","afterHoursTime":"Wed Oct 30 03:59:48 -0400 2019","updateAt":"1572422329920","dividend":"0.0","yield":"0.0","turnover_rate":"","instOwn":"5.2","rise_stop":"0.0","fall_stop":"0.0","currency_unit":"USD","amount":"13348.25","net_assets":"8.06","hasexist":"","has_warrant":"0","type":"1","flag":"1","rest_day":"","amplitude":"0.31%","market_status":"休市","lot_size":"1","min_order_quantity":"0","max_order_quantity":"0","tick_size":"0.01","variable_tick_size":"0.0001 1 0.01","kzz_stock_symbol":"","kzz_stock_name":"","kzz_stock_current":"3.22","kzz_convert_price":"0.0","kzz_covert_value":"0.0","kzz_cpr":"0.0","kzz_putback_price":"0.0","kzz_convert_time":"","kzz_redempt_price":"0.0","kzz_straight_price":"0.0","kzz_stock_percent":"","pb":"0.58","benefit_before_tax":"0.0","benefit_after_tax":"0.0","convert_bond_ratio":"","totalissuescale":"","outstandingamt":"","maturitydate":"","remain_year":"","convertrate":"","interestrtmemo":"","release_date":"","circulation":"0.0","par_value":"0.0","due_time":"0.0","value_date":"","due_date":"","publisher":"","redeem_type":"F","issue_type":"","bond_type":"T","warrant":"","sale_rrg":"","rate":"","after_hour_vol":"0","float_shares":"7945000","float_market_capital":"3.71826E7","disnext_pay_date":"","convert_rate":"","volume_ratio":"0.0","percent5m":"0.0","pankou_ratio":"-42.86%","dividend_pay_date":"","ex_dividend_date":"","moving_avg_200_day":"5.79","chg_from_200_day_moving_avg":"-1.11","pct_chg_from_200_day_moving_avg":"-0.19140000000000001","moving_avg_50_day":"4.46","chg_from_50_day_moving_avg":"0.22","pct_chg_from_50_day_moving_avg":"0.048499999999999995","shares_outstanding":"1.9304E7","ebitda":"4.081E7","short_ratio":"2.34","pe_estimate_next_year":"3.44","peg_ratio":"0.73","eps_estimate_next_year":"1.36","eps_estimate_next_quarter":"0.41","eps_estimate_current_quarter":"1.26","psr":"0.3","revenue":"3.0886E8","profit_margin":"0.07875101987955709"},"SINO":{"symbol":"SINO","exchange":"NASDAQ","code":"SINO","name":"中环球船务","current":"0.7789","percentage":"-2.64","change":"-0.0211","open":"0.8","high":"0.8","low":"0.7775","close":"0.7789","last_close":"0.8","high52week":"1.6","low52week":"0.64","volume":"1381.0","lot_volume":"1381.0","volumeAverage":"37650","marketCapital":"1.33272E7","eps":"-0.45","pe_ttm":"","pe_lyr":"19.76","beta":"2.54","totalShares":"16659000","time":"Wed Oct 30 09:55:41 -0400 2019","afterHours":"0.79","afterHoursPct":"0.0","afterHoursChg":"0.0","afterHoursTime":"Wed Oct 30 03:59:48 -0400 2019","updateAt":"1572422329481","dividend":"0.0","yield":"0.0","turnover_rate":"","instOwn":"1.0","rise_stop":"0.0","fall_stop":"0.0","currency_unit":"USD","amount":"1615.77","net_assets":"1.93","hasexist":"","has_warrant":"0","type":"1","flag":"1","rest_day":"","amplitude":"2.81%","market_status":"休市","lot_size":"1","min_order_quantity":"0","max_order_quantity":"0","tick_size":"0.0001","variable_tick_size":"0.0001 1 0.01","kzz_stock_symbol":"","kzz_stock_name":"","kzz_stock_current":"0.79","kzz_convert_price":"0.0","kzz_covert_value":"0.0","kzz_cpr":"0.0","kzz_putback_price":"0.0","kzz_convert_time":"","kzz_redempt_price":"0.0","kzz_straight_price":"0.0","kzz_stock_percent":"","pb":"1.41","benefit_before_tax":"0.0","benefit_after_tax":"0.0","convert_bond_ratio":"","totalissuescale":"","outstandingamt":"","maturitydate":"","remain_year":"","convertrate":"","interestrtmemo":"","release_date":"","circulation":"0.0","par_value":"0.0","due_time":"0.0","value_date":"","due_date":"","publisher":"","redeem_type":"F","issue_type":"","bond_type":"T","warrant":"","sale_rrg":"","rate":"","after_hour_vol":"0","float_shares":"6130000","float_market_capital":"1.67349E7","disnext_pay_date":"","convert_rate":"","volume_ratio":"0.0","percent5m":"0.0","pankou_ratio":"-98.65%","dividend_pay_date":"","ex_dividend_date":"","moving_avg_200_day":"3.03","chg_from_200_day_moving_avg":"-0.3","pct_chg_from_200_day_moving_avg":"-0.0975","moving_avg_50_day":"3.06","chg_from_50_day_moving_avg":"-0.33","pct_chg_from_50_day_moving_avg":"-0.1066","shares_outstanding":"1.0105E7","ebitda":"3340000.0","short_ratio":"6.29","pe_estimate_next_year":"","peg_ratio":"0.0","eps_estimate_next_year":"","eps_estimate_next_quarter":"0.0","eps_estimate_current_quarter":"","psr":"2.42","revenue":"1.145E7","profit_margin":"0.36183842794759824"},"SYMX":{"symbol":"SYMX","exchange":"NASDAQ","code":"SYMX","name":"Synthesis Energy Systems, Inc.","current":"0.3800","percentage":"0.0","change":"0.0000","open":"0.0","high":"0.0","low":"0.0","close":"0.38","last_close":"0.38","high52week":"1.28","low52week":"0.32","volume":"0.0","lot_volume":"0.0","volumeAverage":"96716","marketCapital":"3.4054E7","eps":"-0.32","pe_ttm":"","pe_lyr":"","beta":"0.45","totalShares":"87542000","time":"Sun Dec 01 16:00:01 -0500 2019","afterHours":"0.38","afterHoursPct":"0.0","afterHoursChg":"0.0","afterHoursTime":"Wed Oct 30 03:59:49 -0400 2019","updateAt":"1572422330761","dividend":"0.0","yield":"0.0","turnover_rate":"","instOwn":"14.0","rise_stop":"0.0","fall_stop":"0.0","currency_unit":"USD","amount":"0.0","net_assets":"0.39","hasexist":"","has_warrant":"0","type":"0","flag":"1","rest_day":"","amplitude":"","market_status":"休市","lot_size":"1","min_order_quantity":"0","max_order_quantity":"0","tick_size":"0.0001","variable_tick_size":"0.0001 1 0.01","kzz_stock_symbol":"","kzz_stock_name":"","kzz_stock_current":"0.37","kzz_convert_price":"0.0","kzz_covert_value":"0.0","kzz_cpr":"0.0","kzz_putback_price":"0.0","kzz_convert_time":"","kzz_redempt_price":"0.0","kzz_straight_price":"0.0","kzz_stock_percent":"","pb":"1.13","benefit_before_tax":"0.0","benefit_after_tax":"0.0","convert_bond_ratio":"","totalissuescale":"","outstandingamt":"","maturitydate":"","remain_year":"","convertrate":"","interestrtmemo":"","release_date":"","circulation":"0.0","par_value":"0.0","due_time":"0.0","value_date":"","due_date":"","publisher":"","redeem_type":"T","issue_type":"","bond_type":"F","warrant":"","sale_rrg":"","rate":"","after_hour_vol":"0","float_shares":"62856000","float_market_capital":"2.765664E7","disnext_pay_date":"","convert_rate":"","volume_ratio":"0.0","percent5m":"0.0","pankou_ratio":"-71.43%","dividend_pay_date":"","ex_dividend_date":"","moving_avg_200_day":"0.58","chg_from_200_day_moving_avg":"-0.14","pct_chg_from_200_day_moving_avg":"-0.2357","moving_avg_50_day":"0.47","chg_from_50_day_moving_avg":"-0.03","pct_chg_from_50_day_moving_avg":"-0.0721","shares_outstanding":"8.731E7","ebitda":"-1.242E7","short_ratio":"3.67","pe_estimate_next_year":"","peg_ratio":"0.0","eps_estimate_next_year":"","eps_estimate_next_quarter":"0.0","eps_estimate_current_quarter":"-0.12","psr":"6.78","revenue":"5670000.0","profit_margin":"-3.0797178130511464"},"SVA":{"symbol":"SVA","exchange":"NASDAQ","code":"SVA","name":"科兴生物","current":"6.47","percentage":"0.0","change":"0.00","open":"0.0","high":"0.0","low":"0.0","close":"6.47","last_close":"6.47","high52week":"7.75","low52week":"5.73","volume":"0.0","lot_volume":"0.0","volumeAverage":"0","marketCapital":"3.68866346E8","eps":"-0.02","pe_ttm":"","pe_lyr":"14.3778","beta":"0.25","totalShares":"57011800","time":"Fri Feb 22 15:19:04 -0500 2019","afterHours":"6.47","afterHoursPct":"0.0","afterHoursChg":"0.0","afterHoursTime":"Wed Oct 30 03:59:49 -0400 2019","updateAt":"1572422330659","dividend":"0.0","yield":"0.0","turnover_rate":"","instOwn":"21.41","rise_stop":"0.0","fall_stop":"0.0","currency_unit":"USD","amount":"0.0","net_assets":"2.02","hasexist":"","has_warrant":"0","type":"1","flag":"1","rest_day":"","amplitude":"","market_status":"休市","lot_size":"1","min_order_quantity":"0","max_order_quantity":"0","tick_size":"0.01","variable_tick_size":"0.0001 1 0.01","kzz_stock_symbol":"","kzz_stock_name":"","kzz_stock_current":"6.49","kzz_convert_price":"0.0","kzz_covert_value":"0.0","kzz_cpr":"0.0","kzz_putback_price":"0.0","kzz_convert_time":"","kzz_redempt_price":"0.0","kzz_straight_price":"0.0","kzz_stock_percent":"","pb":"3.56","benefit_before_tax":"0.0","benefit_after_tax":"0.0","convert_bond_ratio":"","totalissuescale":"","outstandingamt":"","maturitydate":"","remain_year":"","convertrate":"","interestrtmemo":"","release_date":"","circulation":"0.0","par_value":"0.0","due_time":"0.0","value_date":"","due_date":"","publisher":"","redeem_type":"F","issue_type":"0","bond_type":"T","warrant":"","sale_rrg":"0","rate":"","after_hour_vol":"0","float_shares":"27351000","float_market_capital":"1.969272E8","disnext_pay_date":"","convert_rate":"","volume_ratio":"0.0","percent5m":"0.0","pankou_ratio":"50.0%","dividend_pay_date":"","ex_dividend_date":"","moving_avg_200_day":"6.33","chg_from_200_day_moving_avg":"0.87","pct_chg_from_200_day_moving_avg":"0.13720000000000002","moving_avg_50_day":"6.99","chg_from_50_day_moving_avg":"0.21","pct_chg_from_50_day_moving_avg":"0.0298","shares_outstanding":"5.6968E7","ebitda":"-837000.0","short_ratio":"1.53","pe_estimate_next_year":"","peg_ratio":"0.0","eps_estimate_next_year":"0.05","eps_estimate_next_quarter":"0.0","eps_estimate_current_quarter":"-0.05","psr":"6.29","revenue":"6.4019999E7","profit_margin":"-0.07118775493889026"},"WINS":{"symbol":"WINS","exchange":"NASDAQ","code":"WINS","name":"稳盛金融","current":"13.10","percentage":"-6.76","change":"-0.95","open":"15.7","high":"16.0","low":"13.07","close":"13.1","last_close":"14.05","high52week":"68.0","low52week":"7.26","volume":"17356.0","lot_volume":"17356.0","volumeAverage":"9520","marketCapital":"2.787189E8","eps":"0.53","pe_ttm":"26.5094","pe_lyr":"19.0","beta":"2.53","totalShares":"19838000","time":"Wed Oct 30 10:17:28 -0400 2019","afterHours":"15.44","afterHoursPct":"9.89","afterHoursChg":"1.39","afterHoursTime":"Wed Oct 30 09:29:37 -0400 2019","updateAt":"1572422333747","dividend":"0.0","yield":"0.0","turnover_rate":"","instOwn":"0.0","rise_stop":"0.0","fall_stop":"0.0","currency_unit":"USD","amount":"757589.4","net_assets":"12.22","hasexist":"","has_warrant":"0","type":"1","flag":"1","rest_day":"","amplitude":"20.85%","market_status":"休市","lot_size":"1","min_order_quantity":"0","max_order_quantity":"0","tick_size":"0.01","variable_tick_size":"0.0001 1 0.01","kzz_stock_symbol":"","kzz_stock_name":"","kzz_stock_current":"14.68","kzz_convert_price":"0.0","kzz_covert_value":"0.0","kzz_cpr":"0.0","kzz_putback_price":"0.0","kzz_convert_time":"","kzz_redempt_price":"0.0","kzz_straight_price":"0.0","kzz_stock_percent":"","pb":"16.78","benefit_before_tax":"0.0","benefit_after_tax":"0.0","convert_bond_ratio":"","totalissuescale":"","outstandingamt":"","maturitydate":"","remain_year":"","convertrate":"","interestrtmemo":"","release_date":"","circulation":"0.0","par_value":"0.0","due_time":"0.0","value_date":"","due_date":"","publisher":"","redeem_type":"F","issue_type":"0","bond_type":"T","warrant":"","sale_rrg":"0","rate":"","after_hour_vol":"652","float_shares":"16052000","float_market_capital":"3.29082052E9","disnext_pay_date":"","convert_rate":"","volume_ratio":"0.0","percent5m":"0.0","pankou_ratio":"-23.08%","dividend_pay_date":"","ex_dividend_date":"","moving_avg_200_day":"162.74","chg_from_200_day_moving_avg":"42.27","pct_chg_from_200_day_moving_avg":"0.2597","moving_avg_50_day":"205.01","chg_from_50_day_moving_avg":"0.0","pct_chg_from_50_day_moving_avg":"0.0","shares_outstanding":"1.9837E7","ebitda":"1.928E7","short_ratio":"4.78","pe_estimate_next_year":"","peg_ratio":"0.0","eps_estimate_next_year":"","eps_estimate_next_quarter":"0.0","eps_estimate_current_quarter":"0.25","psr":"70.3","revenue":"2.286E7","profit_margin":"0.6768530183727034"},"TANH":{"symbol":"TANH","exchange":"NASDAQ","code":"TANH","name":"碳博士控股","current":"1.47","percentage":"-0.68","change":"-0.01","open":"1.49","high":"1.49","low":"1.47","close":"1.47","last_close":"1.48","high52week":"1.94","low52week":"1.4","volume":"1701.0","lot_volume":"1701.0","volumeAverage":"55515","marketCapital":"4.27028E7","eps":"0.07","pe_ttm":"21.1429","pe_lyr":"9.9333","beta":"-1.19","totalShares":"28853000","time":"Wed Oct 30 10:19:30 -0400 2019","afterHours":"1.49","afterHoursPct":"0.0","afterHoursChg":"0.0","afterHoursTime":"Wed Oct 30 03:59:49 -0400 2019","updateAt":"1572422330842","dividend":"0.0","yield":"0.0","turnover_rate":"","instOwn":"0.0","rise_stop":"0.0","fall_stop":"0.0","currency_unit":"USD","amount":"2551.5","net_assets":"3.3","hasexist":"","has_warrant":"0","type":"1","flag":"1","rest_day":"","amplitude":"1.35%","market_status":"休市","lot_size":"1","min_order_quantity":"0","max_order_quantity":"0","tick_size":"0.01","variable_tick_size":"0.0001 1 0.01","kzz_stock_symbol":"","kzz_stock_name":"","kzz_stock_current":"1.48","kzz_convert_price":"0.0","kzz_covert_value":"0.0","kzz_cpr":"0.0","kzz_putback_price":"0.0","kzz_convert_time":"","kzz_redempt_price":"0.0","kzz_straight_price":"0.0","kzz_stock_percent":"","pb":"0.85","benefit_before_tax":"0.0","benefit_after_tax":"0.0","convert_bond_ratio":"","totalissuescale":"","outstandingamt":"","maturitydate":"","remain_year":"","convertrate":"","interestrtmemo":"","release_date":"","circulation":"0.0","par_value":"0.0","due_time":"0.0","value_date":"","due_date":"","publisher":"","redeem_type":"F","issue_type":"0","bond_type":"T","warrant":"","sale_rrg":"0","rate":"","after_hour_vol":"0","float_shares":"10564000","float_market_capital":"2.95792E7","disnext_pay_date":"","convert_rate":"","volume_ratio":"0.0","percent5m":"0.0","pankou_ratio":"96.49%","dividend_pay_date":"","ex_dividend_date":"","moving_avg_200_day":"3.2","chg_from_200_day_moving_avg":"-0.4","pct_chg_from_200_day_moving_avg":"-0.1261","moving_avg_50_day":"3.19","chg_from_50_day_moving_avg":"-0.39","pct_chg_from_50_day_moving_avg":"-0.1225","shares_outstanding":"2.4311E7","ebitda":"7660000.0","short_ratio":"0.24","pe_estimate_next_year":"","peg_ratio":"0.0","eps_estimate_next_year":"","eps_estimate_next_quarter":"0.0","eps_estimate_current_quarter":"","psr":"1.41","revenue":"4.767E7","profit_margin":"0.09689720998531572"},"NQ":{"symbol":"NQ","exchange":"NYSE","code":"NQ","name":"网秦","current":"2.20","percentage":"0.0","change":"0.00","open":"0.0","high":"0.0","low":"0.0","close":"2.2","last_close":"2.2","high52week":"4.68","low52week":"1.58","volume":"0.0","lot_volume":"0.0","volumeAverage":"989250","marketCapital":"2.150181E8","eps":"-2.29","pe_ttm":"","pe_lyr":"","beta":"1.53","totalShares":"97735500","time":"Wed Mar 13 15:59:59 -0400 2019","afterHours":"2.2","afterHoursPct":"0.0","afterHoursChg":"0.0","afterHoursTime":"Wed Oct 30 03:59:43 -0400 2019","updateAt":"1572422324172","dividend":"0.0","yield":"0.0","turnover_rate":"","instOwn":"3.0","rise_stop":"0.0","fall_stop":"0.0","currency_unit":"USD","amount":"0.0","net_assets":"3.87","hasexist":"","has_warrant":"0","type":"1","flag":"3","rest_day":"","amplitude":"","market_status":"休市","lot_size":"1","min_order_quantity":"0","max_order_quantity":"0","tick_size":"0.01","variable_tick_size":"","kzz_stock_symbol":"","kzz_stock_name":"","kzz_stock_current":"2.23","kzz_convert_price":"0.0","kzz_covert_value":"0.0","kzz_cpr":"0.0","kzz_putback_price":"0.0","kzz_convert_time":"","kzz_redempt_price":"0.0","kzz_straight_price":"0.0","kzz_stock_percent":"","pb":"0.95","benefit_before_tax":"0.0","benefit_after_tax":"0.0","convert_bond_ratio":"","totalissuescale":"","outstandingamt":"","maturitydate":"","remain_year":"","convertrate":"","interestrtmemo":"","release_date":"","circulation":"0.0","par_value":"0.0","due_time":"0.0","value_date":"","due_date":"","publisher":"","redeem_type":"F","issue_type":"","bond_type":"F","warrant":"","sale_rrg":"","rate":"","after_hour_vol":"0","float_shares":"97246000","float_market_capital":"3.5786528E8","disnext_pay_date":"","convert_rate":"","volume_ratio":"0.0","percent5m":"0.0","pankou_ratio":"94.17%","dividend_pay_date":"","ex_dividend_date":"","moving_avg_200_day":"3.54","chg_from_200_day_moving_avg":"0.14","pct_chg_from_200_day_moving_avg":"0.0405","moving_avg_50_day":"3.56","chg_from_50_day_moving_avg":"0.12","pct_chg_from_50_day_moving_avg":"0.0333","shares_outstanding":"1.07806E8","ebitda":"2270000.0","short_ratio":"13.5","pe_estimate_next_year":"","peg_ratio":"0.0","eps_estimate_next_year":"0.46","eps_estimate_next_quarter":"0.0","eps_estimate_current_quarter":"0.23","psr":"1.24","revenue":"3.4305E8","profit_margin":"-0.4053920419763883"},"NTP":{"symbol":"NTP","exchange":"NYSE","code":"NTP","name":"南太地产","current":"9.04","percentage":"0.0","change":"0.00","open":"0.0","high":"0.0","low":"0.0","close":"9.04","last_close":"9.04","high52week":"10.75","low52week":"8.24","volume":"0.0","lot_volume":"0.0","volumeAverage":"18655","marketCapital":"3.452683E8","eps":"-0.47","pe_ttm":"","pe_lyr":"83.2727","beta":"0.08","totalShares":"38193000","time":"Mon Oct 28 10:47:28 -0400 2019","afterHours":"9.16","afterHoursPct":"0.0","afterHoursChg":"0.0","afterHoursTime":"Wed Oct 30 03:59:43 -0400 2019","updateAt":"1572422324421","dividend":"0.28","yield":"3.16","turnover_rate":"","instOwn":"30.26","rise_stop":"0.0","fall_stop":"0.0","currency_unit":"USD","amount":"0.0","net_assets":"6.68","hasexist":"","has_warrant":"0","type":"1","flag":"1","rest_day":"","amplitude":"","market_status":"休市","lot_size":"1","min_order_quantity":"0","max_order_quantity":"0","tick_size":"0.01","variable_tick_size":"0.01","kzz_stock_symbol":"","kzz_stock_name":"","kzz_stock_current":"8.97","kzz_convert_price":"0.0","kzz_covert_value":"0.0","kzz_cpr":"0.0","kzz_putback_price":"0.0","kzz_convert_time":"","kzz_redempt_price":"0.0","kzz_straight_price":"0.0","kzz_stock_percent":"","pb":"1.81","benefit_before_tax":"0.0","benefit_after_tax":"0.0","convert_bond_ratio":"","totalissuescale":"","outstandingamt":"","maturitydate":"","remain_year":"","convertrate":"","interestrtmemo":"","release_date":"","circulation":"0.0","par_value":"0.0","due_time":"0.0","value_date":"","due_date":"","publisher":"","redeem_type":"F","issue_type":"0","bond_type":"T","warrant":"","sale_rrg":"0","rate":"","after_hour_vol":"0","float_shares":"22033000","float_market_capital":"2.665993E8","disnext_pay_date":"","convert_rate":"","volume_ratio":"0.0","percent5m":"0.0","pankou_ratio":"0.0%","dividend_pay_date":"Fri Oct 20 00:00:00 CST 2017","ex_dividend_date":"Thu Sep 28 00:00:00 CST 2017","moving_avg_200_day":"9.5","chg_from_200_day_moving_avg":"2.6","pct_chg_from_200_day_moving_avg":"0.2732","moving_avg_50_day":"11.3","chg_from_50_day_moving_avg":"0.8","pct_chg_from_50_day_moving_avg":"0.0712","shares_outstanding":"3.6575E7","ebitda":"-6520000.0","short_ratio":"1.54","pe_estimate_next_year":"","peg_ratio":"0.0","eps_estimate_next_year":"","eps_estimate_next_quarter":"0.0","eps_estimate_current_quarter":"","psr":"190.49","revenue":"2350000.0","profit_margin":"-1.2451063829787234"},"SVM":{"symbol":"SVM","exchange":"AMEX","code":"SVM","name":"希尔威","current":"4.03","percentage":"-1.16","change":"-0.05","open":"4.1","high":"4.1","low":"4.02","close":"4.03","last_close":"4.08","high52week":"4.66","low52week":"1.83","volume":"163842.0","lot_volume":"163842.0","volumeAverage":"1206899","marketCapital":"6.7991855584E8","eps":"-0.15","pe_ttm":"","pe_lyr":"14.7407","beta":"1.17","totalShares":"170833808","time":"Wed Oct 30 10:25:21 -0400 2019","afterHours":"3.98","afterHoursPct":"0.0","afterHoursChg":"0.0","afterHoursTime":"Wed Oct 30 03:59:49 -0400 2019","updateAt":"1572422330669","dividend":"0.025","yield":"0.61","turnover_rate":"","instOwn":"23.64","rise_stop":"0.0","fall_stop":"0.0","currency_unit":"USD","amount":"442373.4","net_assets":"1.66","hasexist":"","has_warrant":"0","type":"1","flag":"1","rest_day":"","amplitude":"1.96%","market_status":"休市","lot_size":"1","min_order_quantity":"0","max_order_quantity":"0","tick_size":"0.01","variable_tick_size":"0.01","kzz_stock_symbol":"","kzz_stock_name":"","kzz_stock_current":"4.05","kzz_convert_price":"0.0","kzz_covert_value":"0.0","kzz_cpr":"0.0","kzz_putback_price":"0.0","kzz_convert_time":"","kzz_redempt_price":"0.0","kzz_straight_price":"0.0","kzz_stock_percent":"","pb":"1.53","benefit_before_tax":"0.0","benefit_after_tax":"0.0","convert_bond_ratio":"","totalissuescale":"","outstandingamt":"","maturitydate":"","remain_year":"","convertrate":"","interestrtmemo":"","release_date":"","circulation":"0.0","par_value":"0.0","due_time":"0.0","value_date":"","due_date":"","publisher":"","redeem_type":"T","issue_type":"","bond_type":"T","warrant":"","sale_rrg":"","rate":"","after_hour_vol":"0","float_shares":"161955000","float_market_capital":"4.113657E8","disnext_pay_date":"","convert_rate":"","volume_ratio":"0.0","percent5m":"0.0","pankou_ratio":"-68.0%","dividend_pay_date":"Fri Jun 30 00:00:00 CST 2017","ex_dividend_date":"Wed Jun 07 00:00:00 CST 2017","moving_avg_200_day":"2.89","chg_from_200_day_moving_avg":"-0.35","pct_chg_from_200_day_moving_avg":"-0.12","moving_avg_50_day":"2.76","chg_from_50_day_moving_avg":"-0.22","pct_chg_from_50_day_moving_avg":"-0.0801","shares_outstanding":"1.67892E8","ebitda":"9.153E7","short_ratio":"1.44","pe_estimate_next_year":"","peg_ratio":"0.0","eps_estimate_next_year":"0.19","eps_estimate_next_quarter":"0.0","eps_estimate_current_quarter":"0.03","psr":"2.55","revenue":"1.679E8","profit_margin":"0.2799866587254318"},"WB":{"symbol":"WB","exchange":"NASDAQ","code":"WB","name":"微博","current":"48.50","percentage":"-1.74","change":"-0.86","open":"49.35","high":"49.35","low":"48.03","close":"48.5","last_close":"49.36","high52week":"74.68","low52week":"34.26","volume":"187452.0","lot_volume":"187452.0","volumeAverage":"1601112","marketCapital":"1.085954253E10","eps":"1.6","pe_ttm":"30.6813","pe_lyr":"31.4679","beta":"2.21","totalShares":"221217000","time":"Wed Oct 30 10:24:52 -0400 2019","afterHours":"49.09","afterHoursPct":"0.0","afterHoursChg":"0.0","afterHoursTime":"Wed Oct 30 03:59:52 -0400 2019","updateAt":"1572422333538","dividend":"0.0","yield":"0.0","turnover_rate":"","instOwn":"7.0","rise_stop":"0.0","fall_stop":"0.0","currency_unit":"USD","amount":"1.546479E7","net_assets":"0.0","hasexist":"","has_warrant":"0","type":"1","flag":"1","rest_day":"","amplitude":"2.67%","market_status":"休市","lot_size":"1","min_order_quantity":"0","max_order_quantity":"0","tick_size":"0.01","variable_tick_size":"0.0001 1 0.01","kzz_stock_symbol":"","kzz_stock_name":"","kzz_stock_current":"48.7","kzz_convert_price":"0.0","kzz_covert_value":"0.0","kzz_cpr":"0.0","kzz_putback_price":"0.0","kzz_convert_time":"","kzz_redempt_price":"0.0","kzz_straight_price":"0.0","kzz_stock_percent":"","pb":"22.06","benefit_before_tax":"0.0","benefit_after_tax":"0.0","convert_bond_ratio":"","totalissuescale":"","outstandingamt":"","maturitydate":"","remain_year":"","convertrate":"","interestrtmemo":"","release_date":"","circulation":"0.0","par_value":"0.0","due_time":"0.0","value_date":"","due_date":"","publisher":"","redeem_type":"T","issue_type":"","bond_type":"T","warrant":"","sale_rrg":"","rate":"","after_hour_vol":"0","float_shares":"0","float_market_capital":"3.1711521E9","disnext_pay_date":"","convert_rate":"","volume_ratio":"0.0","percent5m":"0.0","pankou_ratio":"77.78%","dividend_pay_date":"","ex_dividend_date":"","moving_avg_200_day":"0.0","chg_from_200_day_moving_avg":"92.65","pct_chg_from_200_day_moving_avg":"","moving_avg_50_day":"0.0","chg_from_50_day_moving_avg":"92.65","pct_chg_from_50_day_moving_avg":"","shares_outstanding":"","ebitda":"0.0","short_ratio":"0.0","pe_estimate_next_year":"","peg_ratio":"0.0","eps_estimate_next_year":"2.58","eps_estimate_next_quarter":"0.0","eps_estimate_current_quarter":"1.64","psr":"","revenue":"","profit_margin":"0.21414272144383756"},"PTR":{"symbol":"PTR","exchange":"NYSE","code":"PTR","name":"中石油","current":"49.85","percentage":"-3.76","change":"-1.95","open":"50.11","high":"50.34","low":"49.6","close":"49.85","last_close":"51.8","high52week":"77.24","low52week":"47.65","volume":"35543.0","lot_volume":"35543.0","volumeAverage":"90471","marketCapital":"9.493298118486E10","eps":"1.56","pe_ttm":"33.25","pe_lyr":"30.5078","beta":"1.18","totalShares":"1830209778","time":"Wed Oct 30 10:20:52 -0400 2019","afterHours":"51.21","afterHoursPct":"-1.27","afterHoursChg":"-0.66","afterHoursTime":"Wed Oct 30 08:56:35 -0400 2019","updateAt":"1572422326933","dividend":"1.683","yield":"3.25","turnover_rate":"","instOwn":"0.23","rise_stop":"0.0","fall_stop":"0.0","currency_unit":"USD","amount":"2697713.7","net_assets":"98.5","hasexist":"","has_warrant":"0","type":"1","flag":"1","rest_day":"","amplitude":"1.43%","market_status":"休市","lot_size":"1","min_order_quantity":"0","max_order_quantity":"0","tick_size":"0.01","variable_tick_size":"0.01","kzz_stock_symbol":"","kzz_stock_name":"","kzz_stock_current":"49.86","kzz_convert_price":"0.0","kzz_covert_value":"0.0","kzz_cpr":"0.0","kzz_putback_price":"0.0","kzz_convert_time":"","kzz_redempt_price":"0.0","kzz_straight_price":"0.0","kzz_stock_percent":"","pb":"0.66","benefit_before_tax":"0.0","benefit_after_tax":"0.0","convert_bond_ratio":"","totalissuescale":"","outstandingamt":"","maturitydate":"","remain_year":"","convertrate":"","interestrtmemo":"","release_date":"","circulation":"0.0","par_value":"0.0","due_time":"0.0","value_date":"","due_date":"","publisher":"","redeem_type":"T","issue_type":"","bond_type":"T","warrant":"","sale_rrg":"","rate":"","after_hour_vol":"400","float_shares":"271731000","float_market_capital":"1.77983805E10","disnext_pay_date":"","convert_rate":"","volume_ratio":"0.0","percent5m":"0.0","pankou_ratio":"0.0%","dividend_pay_date":"Mon Nov 06 00:00:00 CST 2017","ex_dividend_date":"Wed Sep 06 00:00:00 CST 2017","moving_avg_200_day":"64.9","chg_from_200_day_moving_avg":"0.6","pct_chg_from_200_day_moving_avg":"0.009300000000000001","moving_avg_50_day":"64.01","chg_from_50_day_moving_avg":"1.49","pct_chg_from_50_day_moving_avg":"0.0233","shares_outstanding":"1.830209E9","ebitda":"4.39E10","short_ratio":"1.58","pe_estimate_next_year":"25.19","peg_ratio":"0.37","eps_estimate_next_year":"2.6","eps_estimate_next_quarter":"0.0","eps_estimate_current_quarter":"2.08","psr":"0.43","revenue":"2.7908E11","profit_margin":"0.01049281353017056"},"SOHU":{"symbol":"SOHU","exchange":"NASDAQ","code":"SOHU","name":"搜狐","current":"10.33","percentage":"-0.1","change":"-0.01","open":"10.32","high":"10.41","low":"10.26","close":"10.33","last_close":"10.34","high52week":"23.6","low52week":"8.79","volume":"29026.0","lot_volume":"29026.0","volumeAverage":"274954","marketCapital":"3.9659028E8","eps":"-8.71","pe_ttm":"","pe_lyr":"","beta":"1.45","totalShares":"38881400","time":"Wed Oct 30 10:24:41 -0400 2019","afterHours":"10.15","afterHoursPct":"-0.49","afterHoursChg":"-0.05","afterHoursTime":"Wed Oct 30 08:25:46 -0400 2019","updateAt":"1572422329872","dividend":"0.0","yield":"0.0","turnover_rate":"","instOwn":"53.27","rise_stop":"0.0","fall_stop":"0.0","currency_unit":"USD","amount":"739872.74","net_assets":"22.07","hasexist":"","has_warrant":"0","type":"1","flag":"1","rest_day":"","amplitude":"1.45%","market_status":"休市","lot_size":"1","min_order_quantity":"0","max_order_quantity":"0","tick_size":"0.01","variable_tick_size":"0.0001 1 0.01","kzz_stock_symbol":"","kzz_stock_name":"","kzz_stock_current":"10.31","kzz_convert_price":"0.0","kzz_covert_value":"0.0","kzz_cpr":"0.0","kzz_putback_price":"0.0","kzz_convert_time":"","kzz_redempt_price":"0.0","kzz_straight_price":"0.0","kzz_stock_percent":"","pb":"2.59","benefit_before_tax":"0.0","benefit_after_tax":"0.0","convert_bond_ratio":"","totalissuescale":"","outstandingamt":"","maturitydate":"","remain_year":"","convertrate":"","interestrtmemo":"","release_date":"","circulation":"0.0","par_value":"0.0","due_time":"0.0","value_date":"","due_date":"","publisher":"","redeem_type":"T","issue_type":"0","bond_type":"F","warrant":"","sale_rrg":"0","rate":"","after_hour_vol":"498","float_shares":"28386000","float_market_capital":"1.62453078E9","disnext_pay_date":"","convert_rate":"","volume_ratio":"0.0","percent5m":"0.0","pankou_ratio":"0.0%","dividend_pay_date":"","ex_dividend_date":"","moving_avg_200_day":"50.23","chg_from_200_day_moving_avg":"7.0","pct_chg_from_200_day_moving_avg":"0.1393","moving_avg_50_day":"58.72","chg_from_50_day_moving_avg":"-1.49","pct_chg_from_50_day_moving_avg":"-0.0253","shares_outstanding":"3.8867E7","ebitda":"8.489E7","short_ratio":"2.65","pe_estimate_next_year":"","peg_ratio":"-0.45","eps_estimate_next_year":"-2.94","eps_estimate_next_quarter":"-0.42","eps_estimate_current_quarter":"-6.69","psr":"1.33","revenue":"1.66E9","profit_margin":"-0.1805208253012048"},"VNET":{"symbol":"VNET","exchange":"NASDAQ","code":"VNET","name":"世纪互联","current":"8.34","percentage":"0.0","change":"0.00","open":"8.31","high":"8.34","low":"8.26","close":"8.34","last_close":"8.34","high52week":"11.98","low52week":"6.6","volume":"5044.0","lot_volume":"5044.0","volumeAverage":"177992","marketCapital":"9.166465E8","eps":"-1.19","pe_ttm":"","pe_lyr":"","beta":"1.05","totalShares":"111650000","time":"Wed Oct 30 10:20:46 -0400 2019","afterHours":"8.21","afterHoursPct":"0.0","afterHoursChg":"0.0","afterHoursTime":"Wed Oct 30 03:59:51 -0400 2019","updateAt":"1572422333154","dividend":"0.0","yield":"0.0","turnover_rate":"","instOwn":"16.0","rise_stop":"0.0","fall_stop":"0.0","currency_unit":"USD","amount":"47968.44","net_assets":"7.76","hasexist":"","has_warrant":"0","type":"1","flag":"1","rest_day":"","amplitude":"0.96%","market_status":"休市","lot_size":"1","min_order_quantity":"0","max_order_quantity":"0","tick_size":"0.01","variable_tick_size":"0.0001 1 0.01","kzz_stock_symbol":"","kzz_stock_name":"","kzz_stock_current":"8.3","kzz_convert_price":"0.0","kzz_covert_value":"0.0","kzz_cpr":"0.0","kzz_putback_price":"0.0","kzz_convert_time":"","kzz_redempt_price":"0.0","kzz_straight_price":"0.0","kzz_stock_percent":"","pb":"0.97","benefit_before_tax":"0.0","benefit_after_tax":"0.0","convert_bond_ratio":"","totalissuescale":"","outstandingamt":"","maturitydate":"","remain_year":"","convertrate":"","interestrtmemo":"","release_date":"","circulation":"0.0","par_value":"0.0","due_time":"0.0","value_date":"","due_date":"","publisher":"","redeem_type":"T","issue_type":"","bond_type":"T","warrant":"","sale_rrg":"","rate":"","after_hour_vol":"0","float_shares":"64975000","float_market_capital":"4.8796225E8","disnext_pay_date":"","convert_rate":"","volume_ratio":"0.0","percent5m":"0.0","pankou_ratio":"-33.33%","dividend_pay_date":"","ex_dividend_date":"","moving_avg_200_day":"5.52","chg_from_200_day_moving_avg":"1.99","pct_chg_from_200_day_moving_avg":"0.36060000000000003","moving_avg_50_day":"6.83","chg_from_50_day_moving_avg":"0.68","pct_chg_from_50_day_moving_avg":"0.0998","shares_outstanding":"1.125E8","ebitda":"2.943E7","short_ratio":"9.52","pe_estimate_next_year":"","peg_ratio":"-5.39","eps_estimate_next_year":"-0.31","eps_estimate_next_quarter":"-0.05","eps_estimate_current_quarter":"-0.46","psr":"1.55","revenue":"5.4341E8","profit_margin":"-0.2215178226385234"},"NTES":{"symbol":"NTES","exchange":"NASDAQ","code":"NTES","name":"网易","current":"283.17","percentage":"-0.05","change":"-0.14","open":"284.12","high":"284.94","low":"281.82","close":"283.17","last_close":"283.31","high52week":"295.0","low52week":"192.03","volume":"68500.0","lot_volume":"68500.0","volumeAverage":"720504","marketCapital":"3.6993981503E10","eps":"12.82","pe_ttm":"21.9727","pe_lyr":"24.6209","beta":"0.82","totalShares":"131328700","time":"Wed Oct 30 10:23:56 -0400 2019","afterHours":"281.69","afterHoursPct":"0.0","afterHoursChg":"0.0","afterHoursTime":"Wed Oct 30 03:59:43 -0400 2019","updateAt":"1572422324353","dividend":"2.65","yield":"0.94","turnover_rate":"","instOwn":"45.4","rise_stop":"0.0","fall_stop":"0.0","currency_unit":"USD","amount":"1.7562715E7","net_assets":"0.0","hasexist":"","has_warrant":"0","type":"1","flag":"1","rest_day":"","amplitude":"1.10%","market_status":"休市","lot_size":"1","min_order_quantity":"0","max_order_quantity":"0","tick_size":"0.01","variable_tick_size":"0.0001 1 0.01","kzz_stock_symbol":"","kzz_stock_name":"","kzz_stock_current":"283.56","kzz_convert_price":"0.0","kzz_covert_value":"0.0","kzz_cpr":"0.0","kzz_putback_price":"0.0","kzz_convert_time":"","kzz_redempt_price":"0.0","kzz_straight_price":"0.0","kzz_stock_percent":"","pb":"5.61","benefit_before_tax":"0.0","benefit_after_tax":"0.0","convert_bond_ratio":"","totalissuescale":"","outstandingamt":"","maturitydate":"","remain_year":"","convertrate":"","interestrtmemo":"","release_date":"","circulation":"0.0","par_value":"0.0","due_time":"0.0","value_date":"","due_date":"","publisher":"","redeem_type":"T","issue_type":"","bond_type":"T","warrant":"","sale_rrg":"","rate":"","after_hour_vol":"0","float_shares":"0","float_market_capital":"2.078813607E10","disnext_pay_date":"","convert_rate":"","volume_ratio":"0.0","percent5m":"0.0","pankou_ratio":"50.0%","dividend_pay_date":"Fri Jun 02 00:00:00 CST 2017","ex_dividend_date":"Wed Aug 23 00:00:00 CST 2017","moving_avg_200_day":"0.0","chg_from_200_day_moving_avg":"281.92","pct_chg_from_200_day_moving_avg":"","moving_avg_50_day":"0.0","chg_from_50_day_moving_avg":"281.92","pct_chg_from_50_day_moving_avg":"","shares_outstanding":"","ebitda":"0.0","short_ratio":"0.0","pe_estimate_next_year":"","peg_ratio":"0.0","eps_estimate_next_year":"16.42","eps_estimate_next_quarter":"0.0","eps_estimate_current_quarter":"14.12","psr":"","revenue":"","profit_margin":"0.27481664054054056"},"ONP":{"symbol":"ONP","exchange":"AMEX","code":"ONP","name":"东方纸业","current":"0.9700","percentage":"0.0","change":"0.0000","open":"0.0","high":"0.0","low":"0.0","close":"0.97","last_close":"0.97","high52week":"2.45","low52week":"0.75","volume":"0.0","lot_volume":"0.0","volumeAverage":"55438","marketCapital":"2.05709E7","eps":"-0.19","pe_ttm":"","pe_lyr":"12.125","beta":"0.8","totalShares":"21450000","time":"Wed Jul 31 15:52:47 -0400 2019","afterHours":"0.97","afterHoursPct":"0.0","afterHoursChg":"0.0","afterHoursTime":"Wed Oct 30 03:59:44 -0400 2019","updateAt":"1572422325171","dividend":"0.0","yield":"0.0","turnover_rate":"","instOwn":"5.0","rise_stop":"0.0","fall_stop":"0.0","currency_unit":"USD","amount":"0.0","net_assets":"8.33","hasexist":"","has_warrant":"0","type":"1","flag":"1","rest_day":"","amplitude":"","market_status":"休市","lot_size":"1","min_order_quantity":"0","max_order_quantity":"0","tick_size":"0.0001","variable_tick_size":"0.0001 1 0.01","kzz_stock_symbol":"","kzz_stock_name":"","kzz_stock_current":"0.95","kzz_convert_price":"0.0","kzz_covert_value":"0.0","kzz_cpr":"0.0","kzz_putback_price":"0.0","kzz_convert_time":"","kzz_redempt_price":"0.0","kzz_straight_price":"0.0","kzz_stock_percent":"","pb":"0.1","benefit_before_tax":"0.0","benefit_after_tax":"0.0","convert_bond_ratio":"","totalissuescale":"","outstandingamt":"","maturitydate":"","remain_year":"","convertrate":"","interestrtmemo":"","release_date":"","circulation":"0.0","par_value":"0.0","due_time":"0.0","value_date":"","due_date":"","publisher":"","redeem_type":"T","issue_type":"","bond_type":"F","warrant":"","sale_rrg":"","rate":"","after_hour_vol":"0","float_shares":"16010000","float_market_capital":"1.39287E7","disnext_pay_date":"","convert_rate":"","volume_ratio":"0.0","percent5m":"0.0","pankou_ratio":"-33.33%","dividend_pay_date":"Mon Dec 16 00:00:00 CST 2013","ex_dividend_date":"Tue Nov 26 00:00:00 CST 2013","moving_avg_200_day":"0.93","chg_from_200_day_moving_avg":"-0.06","pct_chg_from_200_day_moving_avg":"-0.0642","moving_avg_50_day":"0.83","chg_from_50_day_moving_avg":"0.04","pct_chg_from_50_day_moving_avg":"0.0482","shares_outstanding":"2.145E7","ebitda":"2.772E7","short_ratio":"0.81","pe_estimate_next_year":"","peg_ratio":"0.0","eps_estimate_next_year":"","eps_estimate_next_quarter":"0.0","eps_estimate_current_quarter":"1.18","psr":"0.16","revenue":"1.1692E8","profit_margin":"0.06604515908313377"},"SKYS":{"symbol":"SKYS","exchange":"NASDAQ","code":"SKYS","name":"天华阳光","current":"0.6300","percentage":"5.18","change":"0.0310","open":"0.5701","high":"0.67","low":"0.56","close":"0.63","last_close":"0.599","high52week":"1.58","low52week":"0.4","volume":"305953.0","lot_volume":"305953.0","volumeAverage":"81232","marketCapital":"3.14135E7","eps":"-0.01","pe_ttm":"","pe_lyr":"","beta":"1.33","totalShares":"419547000","time":"Wed Oct 30 10:25:17 -0400 2019","afterHours":"0.6","afterHoursPct":"0.0","afterHoursChg":"0.0","afterHoursTime":"Wed Oct 30 03:59:48 -0400 2019","updateAt":"1572422329566","dividend":"0.0","yield":"0.0","turnover_rate":"","instOwn":"3.0","rise_stop":"0.0","fall_stop":"0.0","currency_unit":"USD","amount":"309012.53","net_assets":"2.63","hasexist":"","has_warrant":"0","type":"1","flag":"1","rest_day":"","amplitude":"18.36%","market_status":"休市","lot_size":"1","min_order_quantity":"0","max_order_quantity":"0","tick_size":"0.0001","variable_tick_size":"0.0001 1 0.01","kzz_stock_symbol":"","kzz_stock_name":"","kzz_stock_current":"0.63","kzz_convert_price":"0.0","kzz_covert_value":"0.0","kzz_cpr":"0.0","kzz_putback_price":"0.0","kzz_convert_time":"","kzz_redempt_price":"0.0","kzz_straight_price":"0.0","kzz_stock_percent":"","pb":"0.67","benefit_before_tax":"0.0","benefit_after_tax":"0.0","convert_bond_ratio":"","totalissuescale":"","outstandingamt":"","maturitydate":"","remain_year":"","convertrate":"","interestrtmemo":"","release_date":"","circulation":"0.0","par_value":"0.0","due_time":"0.0","value_date":"","due_date":"","publisher":"","redeem_type":"F","issue_type":"","bond_type":"T","warrant":"","sale_rrg":"","rate":"","after_hour_vol":"0","float_shares":"17289000","float_market_capital":"3.025575E7","disnext_pay_date":"","convert_rate":"","volume_ratio":"0.0","percent5m":"0.0","pankou_ratio":"-79.31%","dividend_pay_date":"","ex_dividend_date":"","moving_avg_200_day":"1.63","chg_from_200_day_moving_avg":"0.12","pct_chg_from_200_day_moving_avg":"0.0706","moving_avg_50_day":"1.69","chg_from_50_day_moving_avg":"0.06","pct_chg_from_50_day_moving_avg":"0.0338","shares_outstanding":"5.3156E7","ebitda":"1.942E7","short_ratio":"5.89","pe_estimate_next_year":"17.5","peg_ratio":"0.87","eps_estimate_next_year":"0.1","eps_estimate_next_quarter":"0.01","eps_estimate_current_quarter":"0.06","psr":"1.38","revenue":"6.781E7","profit_margin":"0.1646181979059136"},"SNP":{"symbol":"SNP","exchange":"NYSE","code":"SNP","name":"中石化","current":"58.34","percentage":"-1.27","change":"-0.75","open":"58.35","high":"58.43","low":"58.01","close":"58.34","last_close":"59.09","high52week":"88.7","low52week":"57.21","volume":"41291.0","lot_volume":"41291.0","volumeAverage":"165533","marketCapital":"7.1226192843E10","eps":"6.72","pe_ttm":"8.7545","pe_lyr":"9.8861","beta":"1.48","totalShares":"1210712100","time":"Wed Oct 30 10:22:58 -0400 2019","afterHours":"58.3","afterHoursPct":"-1.34","afterHoursChg":"-0.79","afterHoursTime":"Wed Oct 30 09:30:00 -0400 2019","updateAt":"1572422329821","dividend":"4.987","yield":"8.44","turnover_rate":"","instOwn":"1.0","rise_stop":"0.0","fall_stop":"0.0","currency_unit":"USD","amount":"3961871.45","net_assets":"90.8","hasexist":"","has_warrant":"0","type":"1","flag":"1","rest_day":"","amplitude":"0.71%","market_status":"休市","lot_size":"1","min_order_quantity":"0","max_order_quantity":"0","tick_size":"0.01","variable_tick_size":"0.01","kzz_stock_symbol":"","kzz_stock_name":"","kzz_stock_current":"58.26","kzz_convert_price":"0.0","kzz_covert_value":"0.0","kzz_cpr":"0.0","kzz_putback_price":"0.0","kzz_convert_time":"","kzz_redempt_price":"0.0","kzz_straight_price":"0.0","kzz_stock_percent":"","pb":"0.81","benefit_before_tax":"0.0","benefit_after_tax":"0.0","convert_bond_ratio":"","totalissuescale":"","outstandingamt":"","maturitydate":"","remain_year":"","convertrate":"","interestrtmemo":"","release_date":"","circulation":"0.0","par_value":"0.0","due_time":"0.0","value_date":"","due_date":"","publisher":"","redeem_type":"T","issue_type":"","bond_type":"T","warrant":"","sale_rrg":"","rate":"","after_hour_vol":"4445","float_shares":"347256000","float_market_capital":"2.557193184E10","disnext_pay_date":"","convert_rate":"","volume_ratio":"0.0","percent5m":"0.0","pankou_ratio":"0.0%","dividend_pay_date":"Fri Oct 06 00:00:00 CST 2017","ex_dividend_date":"Mon Sep 18 00:00:00 CST 2017","moving_avg_200_day":"77.84","chg_from_200_day_moving_avg":"-4.2","pct_chg_from_200_day_moving_avg":"-0.054000000000000006","moving_avg_50_day":"75.1","chg_from_50_day_moving_avg":"-1.46","pct_chg_from_50_day_moving_avg":"-0.0194","shares_outstanding":"1.210712E9","ebitda":"2.954E10","short_ratio":"2.78","pe_estimate_next_year":"","peg_ratio":"0.0","eps_estimate_next_year":"6.05","eps_estimate_next_quarter":"0.0","eps_estimate_current_quarter":"4.48","psr":"0.26","revenue":"3.3953E11","profit_margin":"0.024604343651518274"},"SEED":{"symbol":"SEED","exchange":"NASDAQ","code":"SEED","name":"奥瑞金种业","current":"6.03","percentage":"1.06","change":"0.06","open":"6.0","high":"6.03","low":"5.66","close":"6.03","last_close":"5.97","high52week":"8.95","low52week":"4.75","volume":"580.0","lot_volume":"580.0","volumeAverage":"9321","marketCapital":"1.3644E8","eps":"-0.07","pe_ttm":"","pe_lyr":"","beta":"0.87","totalShares":"22740000","time":"Wed Oct 30 10:08:14 -0400 2019","afterHours":"6.0","afterHoursPct":"0.0","afterHoursChg":"0.0","afterHoursTime":"Wed Oct 30 03:59:48 -0400 2019","updateAt":"1572422329177","dividend":"0.0","yield":"0.0","turnover_rate":"","instOwn":"1.09","rise_stop":"0.0","fall_stop":"0.0","currency_unit":"USD","amount":"4912.6","net_assets":"0.83","hasexist":"","has_warrant":"0","type":"1","flag":"1","rest_day":"","amplitude":"6.26%","market_status":"休市","lot_size":"1","min_order_quantity":"0","max_order_quantity":"0","tick_size":"0.01","variable_tick_size":"0.0001 1 0.01","kzz_stock_symbol":"","kzz_stock_name":"","kzz_stock_current":"5.92","kzz_convert_price":"0.0","kzz_covert_value":"0.0","kzz_cpr":"0.0","kzz_putback_price":"0.0","kzz_convert_time":"","kzz_redempt_price":"0.0","kzz_straight_price":"0.0","kzz_stock_percent":"","pb":"1.72","benefit_before_tax":"0.0","benefit_after_tax":"0.0","convert_bond_ratio":"","totalissuescale":"","outstandingamt":"","maturitydate":"","remain_year":"","convertrate":"","interestrtmemo":"","release_date":"","circulation":"0.0","par_value":"0.0","due_time":"0.0","value_date":"","due_date":"","publisher":"","redeem_type":"T","issue_type":"","bond_type":"F","warrant":"","sale_rrg":"","rate":"","after_hour_vol":"0","float_shares":"17992000","float_market_capital":"2.572856E7","disnext_pay_date":"","convert_rate":"","volume_ratio":"0.0","percent5m":"0.0","pankou_ratio":"-66.67%","dividend_pay_date":"","ex_dividend_date":"","moving_avg_200_day":"1.57","chg_from_200_day_moving_avg":"-0.14","pct_chg_from_200_day_moving_avg":"-0.0883","moving_avg_50_day":"1.59","chg_from_50_day_moving_avg":"-0.16","pct_chg_from_50_day_moving_avg":"-0.102","shares_outstanding":"2.3173E7","ebitda":"-4790000.0","short_ratio":"1.32","pe_estimate_next_year":"","peg_ratio":"0.0","eps_estimate_next_year":"","eps_estimate_next_quarter":"0.0","eps_estimate_current_quarter":"0.35","psr":"0.67","revenue":"4.96E7","profit_margin":"-0.19155100806451614"},"RYB":{"symbol":"RYB","exchange":"NYSE","code":"RYB","name":"红黄蓝教育","current":"6.02","percentage":"0.0","change":"0.00","open":"6.05","high":"6.05","low":"6.02","close":"6.02","last_close":"6.02","high52week":"19.39","low52week":"5.6","volume":"1298.0","lot_volume":"1298.0","volumeAverage":"16836","marketCapital":"1.72269438E8","eps":"0.23","pe_ttm":"26.1304","pe_lyr":"22.2593","beta":"0.0","totalShares":"28663800","time":"Wed Oct 30 09:48:29 -0400 2019","afterHours":"6.01","afterHoursPct":"0.0","afterHoursChg":"0.0","afterHoursTime":"Wed Oct 30 03:59:47 -0400 2019","updateAt":"1572422328606","dividend":"0.0","yield":"0.0","turnover_rate":"","instOwn":"0.0","rise_stop":"0.0","fall_stop":"0.0","currency_unit":"","amount":"26790.72","net_assets":"0.0","hasexist":"","has_warrant":"0","type":"1","flag":"1","rest_day":"","amplitude":"0.50%","market_status":"休市","lot_size":"1","min_order_quantity":"0","max_order_quantity":"0","tick_size":"0.01","variable_tick_size":"0.01","kzz_stock_symbol":"","kzz_stock_name":"","kzz_stock_current":"6.03","kzz_convert_price":"0.0","kzz_covert_value":"0.0","kzz_cpr":"0.0","kzz_putback_price":"0.0","kzz_convert_time":"","kzz_redempt_price":"0.0","kzz_straight_price":"0.0","kzz_stock_percent":"","pb":"0.0","benefit_before_tax":"0.0","benefit_after_tax":"0.0","convert_bond_ratio":"","totalissuescale":"","outstandingamt":"","maturitydate":"","remain_year":"","convertrate":"","interestrtmemo":"","release_date":"","circulation":"0.0","par_value":"0.0","due_time":"0.0","value_date":"","due_date":"","publisher":"","redeem_type":"T","issue_type":"","bond_type":"T","warrant":"","sale_rrg":"","rate":"","after_hour_vol":"0","float_shares":"0","float_market_capital":"0.0","disnext_pay_date":"","convert_rate":"","volume_ratio":"0.0","percent5m":"0.0","pankou_ratio":"72.41%","dividend_pay_date":"","ex_dividend_date":"","moving_avg_200_day":"27.38","chg_from_200_day_moving_avg":"-1.92","pct_chg_from_200_day_moving_avg":"-0.0702","moving_avg_50_day":"27.38","chg_from_50_day_moving_avg":"-1.92","pct_chg_from_50_day_moving_avg":"-0.0702","shares_outstanding":"2.1715E7","ebitda":"0.0","short_ratio":"0.0","pe_estimate_next_year":"","peg_ratio":"0.0","eps_estimate_next_year":"","eps_estimate_next_quarter":"0.0","eps_estimate_current_quarter":"","psr":"","revenue":"","profit_margin":""},"OIIM":{"symbol":"OIIM","exchange":"NASDAQ","code":"OIIM","name":"凹凸科技","current":"1.26","percentage":"-2.17","change":"-0.03","open":"1.3","high":"1.3","low":"1.25","close":"1.26","last_close":"1.29","high52week":"1.97","low52week":"1.16","volume":"1947.0","lot_volume":"1947.0","volumeAverage":"29700","marketCapital":"3.35933E7","eps":"-0.07","pe_ttm":"","pe_lyr":"","beta":"0.6","totalShares":"25841000","time":"Wed Oct 30 10:05:13 -0400 2019","afterHours":"1.3","afterHoursPct":"0.0","afterHoursChg":"0.0","afterHoursTime":"Wed Oct 30 03:59:44 -0400 2019","updateAt":"1572422324952","dividend":"0.0","yield":"0.0","turnover_rate":"","instOwn":"0.72","rise_stop":"0.0","fall_stop":"0.0","currency_unit":"USD","amount":"3563.01","net_assets":"3.065","hasexist":"","has_warrant":"0","type":"1","flag":"1","rest_day":"","amplitude":"3.88%","market_status":"休市","lot_size":"1","min_order_quantity":"0","max_order_quantity":"0","tick_size":"0.01","variable_tick_size":"0.0001 1 0.01","kzz_stock_symbol":"","kzz_stock_name":"","kzz_stock_current":"1.29","kzz_convert_price":"0.0","kzz_covert_value":"0.0","kzz_cpr":"0.0","kzz_putback_price":"0.0","kzz_convert_time":"","kzz_redempt_price":"0.0","kzz_straight_price":"0.0","kzz_stock_percent":"","pb":"0.65","benefit_before_tax":"0.0","benefit_after_tax":"0.0","convert_bond_ratio":"","totalissuescale":"","outstandingamt":"","maturitydate":"","remain_year":"","convertrate":"","interestrtmemo":"","release_date":"","circulation":"0.0","par_value":"0.0","due_time":"0.0","value_date":"","due_date":"","publisher":"","redeem_type":"F","issue_type":"","bond_type":"T","warrant":"","sale_rrg":"","rate":"","after_hour_vol":"0","float_shares":"22290000","float_market_capital":"4.458E7","disnext_pay_date":"","convert_rate":"","volume_ratio":"0.0","percent5m":"0.0","pankou_ratio":"33.33%","dividend_pay_date":"","ex_dividend_date":"","moving_avg_200_day":"1.8874","chg_from_200_day_moving_avg":"0.1171","pct_chg_from_200_day_moving_avg":"0.062037","moving_avg_50_day":"1.76","chg_from_50_day_moving_avg":"0.2445","pct_chg_from_50_day_moving_avg":"0.13892","shares_outstanding":"2.584E7","ebitda":"-3450000.0","short_ratio":"1.25","pe_estimate_next_year":"","peg_ratio":"-0.46","eps_estimate_next_year":"-0.15","eps_estimate_next_quarter":"-0.05","eps_estimate_current_quarter":"-0.21","psr":"0.8682","revenue":"5.982E7","profit_margin":"-0.02591775325977934"},"NCTY":{"symbol":"NCTY","exchange":"NASDAQ","code":"NCTY","name":"第九城市","current":"0.9781","percentage":"0.83","change":"0.0080","open":"0.9901","high":"0.9986","low":"0.97","close":"0.9781","last_close":"0.9701","high52week":"3.9","low52week":"0.777","volume":"55432.0","lot_volume":"55432.0","volumeAverage":"279913","marketCapital":"2.367634599E7","eps":"-0.6","pe_ttm":"","pe_lyr":"","beta":"2.03","totalShares":"23915501","time":"Wed Oct 30 10:17:07 -0400 2019","afterHours":"1.03","afterHoursPct":"4.04","afterHoursChg":"0.04","afterHoursTime":"Wed Oct 30 07:25:36 -0400 2019","updateAt":"1572422323501","dividend":"0.0","yield":"0.0","turnover_rate":"","instOwn":"0.26","rise_stop":"0.0","fall_stop":"0.0","currency_unit":"USD","amount":"55432.0","net_assets":"0.0","hasexist":"","has_warrant":"0","type":"1","flag":"1","rest_day":"","amplitude":"2.95%","market_status":"休市","lot_size":"1","min_order_quantity":"0","max_order_quantity":"0","tick_size":"0.0001","variable_tick_size":"0.0001 1 0.01","kzz_stock_symbol":"","kzz_stock_name":"","kzz_stock_current":"0.98","kzz_convert_price":"0.0","kzz_covert_value":"0.0","kzz_cpr":"0.0","kzz_putback_price":"0.0","kzz_convert_time":"","kzz_redempt_price":"0.0","kzz_straight_price":"0.0","kzz_stock_percent":"","pb":"-0.41","benefit_before_tax":"0.0","benefit_after_tax":"0.0","convert_bond_ratio":"","totalissuescale":"","outstandingamt":"","maturitydate":"","remain_year":"","convertrate":"","interestrtmemo":"","release_date":"","circulation":"0.0","par_value":"0.0","due_time":"0.0","value_date":"","due_date":"","publisher":"","redeem_type":"T","issue_type":"","bond_type":"F","warrant":"","sale_rrg":"","rate":"","after_hour_vol":"1166","float_shares":"0","float_market_capital":"2.4821577E7","disnext_pay_date":"","convert_rate":"","volume_ratio":"0.0","percent5m":"0.0","pankou_ratio":"-72.6%","dividend_pay_date":"Mon Feb 09 00:00:00 CST 2009","ex_dividend_date":"Thu Jan 29 00:00:00 CST 2009","moving_avg_200_day":"0.0","chg_from_200_day_moving_avg":"0.8949","pct_chg_from_200_day_moving_avg":"","moving_avg_50_day":"0.0","chg_from_50_day_moving_avg":"0.8949","pct_chg_from_50_day_moving_avg":"","shares_outstanding":"","ebitda":"0.0","short_ratio":"0.0","pe_estimate_next_year":"","peg_ratio":"0.0","eps_estimate_next_year":"-2.01","eps_estimate_next_quarter":"0.0","eps_estimate_current_quarter":"-2.83","psr":"","revenue":"","profit_margin":"-28.907932558139535"},"SIMO":{"symbol":"SIMO","exchange":"NASDAQ","code":"SIMO","name":"慧荣科技","current":"43.23","percentage":"10.85","change":"4.23","open":"43.0","high":"44.13","low":"41.07","close":"43.23","last_close":"39.0","high52week":"47.23","low52week":"30.86","volume":"489779.0","lot_volume":"489779.0","volumeAverage":"295548","marketCapital":"1.4243298E9","eps":"2.37","pe_ttm":"16.4557","pe_lyr":"18.726","beta":"1.03","totalShares":"146085000","time":"Wed Oct 30 10:25:13 -0400 2019","afterHours":"38.95","afterHoursPct":"0.0","afterHoursChg":"0.0","afterHoursTime":"Wed Oct 30 03:59:48 -0400 2019","updateAt":"1572422329475","dividend":"1.24","yield":"3.18","turnover_rate":"","instOwn":"72.02","rise_stop":"0.0","fall_stop":"0.0","currency_unit":"USD","amount":"2.608562954E7","net_assets":"13.87","hasexist":"","has_warrant":"0","type":"0","flag":"1","rest_day":"","amplitude":"7.85%","market_status":"休市","lot_size":"1","min_order_quantity":"0","max_order_quantity":"0","tick_size":"0.01","variable_tick_size":"0.0001 1 0.01","kzz_stock_symbol":"","kzz_stock_name":"","kzz_stock_current":"43.34","kzz_convert_price":"0.0","kzz_covert_value":"0.0","kzz_cpr":"0.0","kzz_putback_price":"0.0","kzz_convert_time":"","kzz_redempt_price":"0.0","kzz_straight_price":"0.0","kzz_stock_percent":"","pb":"3.49","benefit_before_tax":"0.0","benefit_after_tax":"0.0","convert_bond_ratio":"","totalissuescale":"","outstandingamt":"","maturitydate":"","remain_year":"","convertrate":"","interestrtmemo":"","release_date":"","circulation":"0.0","par_value":"0.0","due_time":"0.0","value_date":"","due_date":"","publisher":"","redeem_type":"T","issue_type":"","bond_type":"T","warrant":"","sale_rrg":"","rate":"","after_hour_vol":"0","float_shares":"32956000","float_market_capital":"1.59572952E9","disnext_pay_date":"","convert_rate":"","volume_ratio":"0.0","percent5m":"0.0","pankou_ratio":"50.0%","dividend_pay_date":"Fri Nov 24 00:00:00 CST 2017","ex_dividend_date":"Thu Aug 03 00:00:00 CST 2017","moving_avg_200_day":"47.52","chg_from_200_day_moving_avg":"0.9","pct_chg_from_200_day_moving_avg":"0.0189","moving_avg_50_day":"48.93","chg_from_50_day_moving_avg":"-0.51","pct_chg_from_50_day_moving_avg":"-0.0105","shares_outstanding":"3.5741E7","ebitda":"1.4581E8","short_ratio":"5.52","pe_estimate_next_year":"14.85","peg_ratio":"-4.13","eps_estimate_next_year":"3.26","eps_estimate_next_quarter":"0.64","eps_estimate_current_quarter":"2.6","psr":"3.0","revenue":"5.628E8","profit_margin":"0.1879768301350391"},"VIPS":{"symbol":"VIPS","exchange":"NYSE","code":"VIPS","name":"唯品会","current":"11.76","percentage":"0.86","change":"0.10","open":"11.66","high":"11.79","low":"11.48","close":"11.76","last_close":"11.66","high52week":"11.94","low52week":"4.31","volume":"1146537.0","lot_volume":"1146537.0","volumeAverage":"4592857","marketCapital":"6.770315208E9","eps":"0.5","pe_ttm":"23.28","pe_lyr":"25.7536","beta":"1.93","totalShares":"581642200","time":"Wed Oct 30 10:25:14 -0400 2019","afterHours":"11.42","afterHoursPct":"-2.07","afterHoursChg":"-0.24","afterHoursTime":"Wed Oct 30 09:20:06 -0400 2019","updateAt":"1572422332933","dividend":"0.0","yield":"0.0","turnover_rate":"","instOwn":"430.0","rise_stop":"0.0","fall_stop":"0.0","currency_unit":"USD","amount":"1.105261668E7","net_assets":"1.86","hasexist":"","has_warrant":"0","type":"1","flag":"1","rest_day":"","amplitude":"2.66%","market_status":"休市","lot_size":"1","min_order_quantity":"0","max_order_quantity":"0","tick_size":"0.01","variable_tick_size":"0.01","kzz_stock_symbol":"","kzz_stock_name":"","kzz_stock_current":"11.64","kzz_convert_price":"0.0","kzz_covert_value":"0.0","kzz_cpr":"0.0","kzz_putback_price":"0.0","kzz_convert_time":"","kzz_redempt_price":"0.0","kzz_straight_price":"0.0","kzz_stock_percent":"","pb":"4.25","benefit_before_tax":"0.0","benefit_after_tax":"0.0","convert_bond_ratio":"","totalissuescale":"","outstandingamt":"","maturitydate":"","remain_year":"","convertrate":"","interestrtmemo":"","release_date":"","circulation":"0.0","par_value":"0.0","due_time":"0.0","value_date":"","due_date":"","publisher":"","redeem_type":"T","issue_type":"","bond_type":"T","warrant":"","sale_rrg":"","rate":"","after_hour_vol":"461","float_shares":"426979000","float_market_capital":"3.3731341E9","disnext_pay_date":"","convert_rate":"","volume_ratio":"0.0","percent5m":"0.0","pankou_ratio":"82.61%","dividend_pay_date":"","ex_dividend_date":"","moving_avg_200_day":"11.09","chg_from_200_day_moving_avg":"-3.19","pct_chg_from_200_day_moving_avg":"-0.2877","moving_avg_50_day":"8.73","chg_from_50_day_moving_avg":"-0.83","pct_chg_from_50_day_moving_avg":"-0.0949","shares_outstanding":"5.87623E8","ebitda":"6.0911E8","short_ratio":"2.79","pe_estimate_next_year":"9.4","peg_ratio":"31.17","eps_estimate_next_year":"0.84","eps_estimate_next_quarter":"0.22","eps_estimate_current_quarter":"0.72","psr":"0.47","revenue":"9.87E9","profit_margin":"0.030958861195542045"},"MOMO":{"symbol":"MOMO","exchange":"NASDAQ","code":"MOMO","name":"陌陌","current":"33.74","percentage":"-1.2","change":"-0.41","open":"34.2","high":"34.38","low":"33.71","close":"33.74","last_close":"34.15","high52week":"41.5","low52week":"22.85","volume":"252896.0","lot_volume":"252896.0","volumeAverage":"2032654","marketCapital":"6.79719861E9","eps":"1.53","pe_ttm":"22.451","pe_lyr":"24.1233","beta":"2.22","totalShares":"197880600","time":"Wed Oct 30 10:24:55 -0400 2019","afterHours":"34.35","afterHoursPct":"0.0","afterHoursChg":"0.0","afterHoursTime":"Wed Oct 30 03:59:41 -0400 2019","updateAt":"1572422322702","dividend":"0.6","yield":"1.76","turnover_rate":"","instOwn":"3.0","rise_stop":"0.0","fall_stop":"0.0","currency_unit":"USD","amount":"1.032827264E7","net_assets":"0.0","hasexist":"","has_warrant":"0","type":"1","flag":"1","rest_day":"","amplitude":"1.96%","market_status":"休市","lot_size":"1","min_order_quantity":"0","max_order_quantity":"0","tick_size":"0.01","variable_tick_size":"0.0001 1 0.01","kzz_stock_symbol":"","kzz_stock_name":"","kzz_stock_current":"34.07","kzz_convert_price":"0.0","kzz_covert_value":"0.0","kzz_cpr":"0.0","kzz_putback_price":"0.0","kzz_convert_time":"","kzz_redempt_price":"0.0","kzz_straight_price":"0.0","kzz_stock_percent":"","pb":"7.2","benefit_before_tax":"0.0","benefit_after_tax":"0.0","convert_bond_ratio":"","totalissuescale":"","outstandingamt":"","maturitydate":"","remain_year":"","convertrate":"","interestrtmemo":"","release_date":"","circulation":"0.0","par_value":"0.0","due_time":"0.0","value_date":"","due_date":"","publisher":"","redeem_type":"T","issue_type":"","bond_type":"T","warrant":"","sale_rrg":"","rate":"","after_hour_vol":"0","float_shares":"0","float_market_capital":"3.10389381E9","disnext_pay_date":"","convert_rate":"","volume_ratio":"0.0","percent5m":"0.0","pankou_ratio":"20.0%","dividend_pay_date":"","ex_dividend_date":"","moving_avg_200_day":"0.0","chg_from_200_day_moving_avg":"30.47","pct_chg_from_200_day_moving_avg":"","moving_avg_50_day":"0.0","chg_from_50_day_moving_avg":"30.47","pct_chg_from_50_day_moving_avg":"","shares_outstanding":"","ebitda":"0.0","short_ratio":"0.0","pe_estimate_next_year":"","peg_ratio":"0.0","eps_estimate_next_year":"2.29","eps_estimate_next_quarter":"0.0","eps_estimate_current_quarter":"1.66","psr":"","revenue":"","profit_margin":"0.2555061847995676"},"SSC":{"symbol":"SSC","exchange":"NASDAQ","code":"SSC","name":"Seven Stars Cloud Group, Inc.","current":"2.98","percentage":"0.0","change":"0.00","open":"0.0","high":"0.0","low":"0.0","close":"2.98","last_close":"2.98","high52week":"7.0","low52week":"1.41","volume":"0.0","lot_volume":"0.0","volumeAverage":"0","marketCapital":"2.267411E8","eps":"-0.3","pe_ttm":"","pe_lyr":"","beta":"2.11","totalShares":"73142000","time":"Tue Nov 12 15:59:48 -0500 2019","afterHours":"2.98","afterHoursPct":"0.0","afterHoursChg":"0.0","afterHoursTime":"Wed Oct 30 03:59:49 -0400 2019","updateAt":"1572422330359","dividend":"0.0","yield":"0.0","turnover_rate":"","instOwn":"0.0","rise_stop":"0.0","fall_stop":"0.0","currency_unit":"USD","amount":"0.0","net_assets":"0.0","hasexist":"","has_warrant":"0","type":"0","flag":"1","rest_day":"","amplitude":"","market_status":"休市","lot_size":"1","min_order_quantity":"0","max_order_quantity":"0","tick_size":"0.01","variable_tick_size":"0.0001 1 0.01","kzz_stock_symbol":"","kzz_stock_name":"","kzz_stock_current":"3.01","kzz_convert_price":"0.0","kzz_covert_value":"0.0","kzz_cpr":"0.0","kzz_putback_price":"0.0","kzz_convert_time":"","kzz_redempt_price":"0.0","kzz_straight_price":"0.0","kzz_stock_percent":"","pb":"0.0","benefit_before_tax":"0.0","benefit_after_tax":"0.0","convert_bond_ratio":"","totalissuescale":"","outstandingamt":"","maturitydate":"","remain_year":"","convertrate":"","interestrtmemo":"","release_date":"","circulation":"0.0","par_value":"0.0","due_time":"0.0","value_date":"","due_date":"","publisher":"","redeem_type":"F","issue_type":"","bond_type":"T","warrant":"","sale_rrg":"","rate":"","after_hour_vol":"0","float_shares":"0","float_market_capital":"0.0","disnext_pay_date":"","convert_rate":"","volume_ratio":"0.0","percent5m":"0.0","pankou_ratio":"33.33%","dividend_pay_date":"","ex_dividend_date":"","moving_avg_200_day":"2.16","chg_from_200_day_moving_avg":"-0.14","pct_chg_from_200_day_moving_avg":"-0.0652","moving_avg_50_day":"2.09","chg_from_50_day_moving_avg":"-0.07","pct_chg_from_50_day_moving_avg":"-0.0345","shares_outstanding":"6.2153E7","ebitda":"0.0","short_ratio":"0.0","pe_estimate_next_year":"","peg_ratio":"0.0","eps_estimate_next_year":"","eps_estimate_next_quarter":"0.0","eps_estimate_current_quarter":"","psr":"","revenue":"","profit_margin":""},"NEWA":{"symbol":"NEWA","exchange":"NASDAQ","code":"NEWA","name":"烟台金正环保","current":"6.45","percentage":"0.0","change":"0.00","open":"0.0","high":"0.0","low":"0.0","close":"6.45","last_close":"6.45","high52week":"9.88","low52week":"5.01","volume":"0.0","lot_volume":"0.0","volumeAverage":"5124","marketCapital":"6.97181E7","eps":"0.67","pe_ttm":"9.6269","pe_lyr":"24.6154","beta":"0.0","totalShares":"10809000","time":"Mon Oct 28 10:25:03 -0400 2019","afterHours":"6.4","afterHoursPct":"0.0","afterHoursChg":"0.0","afterHoursTime":"Wed Oct 30 03:59:42 -0400 2019","updateAt":"1572422323608","dividend":"0.0","yield":"0.0","turnover_rate":"","instOwn":"0.0","rise_stop":"0.0","fall_stop":"0.0","currency_unit":"USD","amount":"0.0","net_assets":"0.0","hasexist":"","has_warrant":"0","type":"1","flag":"1","rest_day":"","amplitude":"","market_status":"休市","lot_size":"1","min_order_quantity":"0","max_order_quantity":"0","tick_size":"0.01","variable_tick_size":"0.0001 1 0.01","kzz_stock_symbol":"","kzz_stock_name":"","kzz_stock_current":"6.4","kzz_convert_price":"0.0","kzz_covert_value":"0.0","kzz_cpr":"0.0","kzz_putback_price":"0.0","kzz_convert_time":"","kzz_redempt_price":"0.0","kzz_straight_price":"0.0","kzz_stock_percent":"","pb":"0.0","benefit_before_tax":"0.0","benefit_after_tax":"0.0","convert_bond_ratio":"","totalissuescale":"","outstandingamt":"","maturitydate":"","remain_year":"","convertrate":"","interestrtmemo":"","release_date":"","circulation":"0.0","par_value":"0.0","due_time":"0.0","value_date":"","due_date":"","publisher":"","redeem_type":"F","issue_type":"","bond_type":"T","warrant":"","sale_rrg":"","rate":"","after_hour_vol":"0","float_shares":"0","float_market_capital":"0.0","disnext_pay_date":"","convert_rate":"","volume_ratio":"0.0","percent5m":"0.0","pankou_ratio":"-69.23%","dividend_pay_date":"","ex_dividend_date":"","moving_avg_200_day":"9.42","chg_from_200_day_moving_avg":"4.18","pct_chg_from_200_day_moving_avg":"0.4437","moving_avg_50_day":"9.46","chg_from_50_day_moving_avg":"4.14","pct_chg_from_50_day_moving_avg":"0.43729999999999997","shares_outstanding":"1.0599E7","ebitda":"0.0","short_ratio":"0.0","pe_estimate_next_year":"","peg_ratio":"0.0","eps_estimate_next_year":"","eps_estimate_next_quarter":"0.0","eps_estimate_current_quarter":"","psr":"","revenue":"","profit_margin":""},"TEDU":{"symbol":"TEDU","exchange":"NASDAQ","code":"TEDU","name":"达内科技","current":"0.7300","percentage":"1.4","change":"0.0101","open":"0.69","high":"0.73","low":"0.6873","close":"0.73","last_close":"0.7199","high52week":"9.3","low52week":"0.6873","volume":"98131.0","lot_volume":"98131.0","volumeAverage":"125417","marketCapital":"4.306604984E7","eps":"0.69","pe_ttm":"1.1016","pe_lyr":"1.7306","beta":"0.58","totalShares":"56658400","time":"Wed Oct 30 10:11:06 -0400 2019","afterHours":"0.71","afterHoursPct":"-1.38","afterHoursChg":"-0.01","afterHoursTime":"Wed Oct 30 09:23:25 -0400 2019","updateAt":"1572422331227","dividend":"0.1","yield":"1.87","turnover_rate":"","instOwn":"45.0","rise_stop":"0.0","fall_stop":"0.0","currency_unit":"USD","amount":"860608.87","net_assets":"0.0","hasexist":"","has_warrant":"0","type":"1","flag":"1","rest_day":"","amplitude":"5.93%","market_status":"休市","lot_size":"1","min_order_quantity":"0","max_order_quantity":"0","tick_size":"0.0001","variable_tick_size":"0.0001 1 0.01","kzz_stock_symbol":"","kzz_stock_name":"","kzz_stock_current":"0.69","kzz_convert_price":"0.0","kzz_covert_value":"0.0","kzz_cpr":"0.0","kzz_putback_price":"0.0","kzz_convert_time":"","kzz_redempt_price":"0.0","kzz_straight_price":"0.0","kzz_stock_percent":"","pb":"3.4","benefit_before_tax":"0.0","benefit_after_tax":"0.0","convert_bond_ratio":"","totalissuescale":"","outstandingamt":"","maturitydate":"","remain_year":"","convertrate":"","interestrtmemo":"","release_date":"","circulation":"0.0","par_value":"0.0","due_time":"0.0","value_date":"","due_date":"","publisher":"","redeem_type":"F","issue_type":"","bond_type":"T","warrant":"","sale_rrg":"","rate":"","after_hour_vol":"550","float_shares":"0","float_market_capital":"5.428655E8","disnext_pay_date":"","convert_rate":"","volume_ratio":"0.0","percent5m":"0.0","pankou_ratio":"-71.43%","dividend_pay_date":"Wed Jun 21 00:00:00 CST 2017","ex_dividend_date":"Wed Jun 07 00:00:00 CST 2017","moving_avg_200_day":"0.0","chg_from_200_day_moving_avg":"14.65","pct_chg_from_200_day_moving_avg":"","moving_avg_50_day":"0.0","chg_from_50_day_moving_avg":"14.65","pct_chg_from_50_day_moving_avg":"","shares_outstanding":"","ebitda":"0.0","short_ratio":"0.0","pe_estimate_next_year":"","peg_ratio":"0.0","eps_estimate_next_year":"1.01","eps_estimate_next_quarter":"0.0","eps_estimate_current_quarter":"0.81","psr":"","revenue":"","profit_margin":"0.1321141920657047"},"PME":{"symbol":"PME","exchange":"NASDAQ","code":"PME","name":"平潭海洋","current":"1.99","percentage":"0.0","change":"0.00","open":"0.0","high":"0.0","low":"0.0","close":"1.99","last_close":"1.99","high52week":"2.96","low52week":"1.8","volume":"0.0","lot_volume":"0.0","volumeAverage":"9008","marketCapital":"1.565289E8","eps":"0.15","pe_ttm":"13.2667","pe_lyr":"5.2105","beta":"0.36","totalShares":"79055000","time":"Tue Oct 29 10:41:48 -0400 2019","afterHours":"1.98","afterHoursPct":"0.0","afterHoursChg":"0.0","afterHoursTime":"Wed Oct 30 03:59:45 -0400 2019","updateAt":"1572422326335","dividend":"0.04","yield":"1.76","turnover_rate":"","instOwn":"3.0","rise_stop":"0.0","fall_stop":"0.0","currency_unit":"USD","amount":"0.0","net_assets":"1.46","hasexist":"","has_warrant":"0","type":"1","flag":"1","rest_day":"","amplitude":"","market_status":"休市","lot_size":"1","min_order_quantity":"0","max_order_quantity":"0","tick_size":"0.01","variable_tick_size":"0.0001 1 0.01","kzz_stock_symbol":"","kzz_stock_name":"","kzz_stock_current":"2.01","kzz_convert_price":"0.0","kzz_covert_value":"0.0","kzz_cpr":"0.0","kzz_putback_price":"0.0","kzz_convert_time":"","kzz_redempt_price":"0.0","kzz_straight_price":"0.0","kzz_stock_percent":"","pb":"2.05","benefit_before_tax":"0.0","benefit_after_tax":"0.0","convert_bond_ratio":"","totalissuescale":"","outstandingamt":"","maturitydate":"","remain_year":"","convertrate":"","interestrtmemo":"","release_date":"","circulation":"0.0","par_value":"0.0","due_time":"0.0","value_date":"","due_date":"","publisher":"","redeem_type":"F","issue_type":"","bond_type":"T","warrant":"","sale_rrg":"","rate":"","after_hour_vol":"0","float_shares":"34532000","float_market_capital":"1.03596E8","disnext_pay_date":"","convert_rate":"","volume_ratio":"0.0","percent5m":"0.0","pankou_ratio":"5.26%","dividend_pay_date":"Tue Aug 15 00:00:00 CST 2017","ex_dividend_date":"Thu Jul 27 00:00:00 CST 2017","moving_avg_200_day":"3.61","chg_from_200_day_moving_avg":"-0.61","pct_chg_from_200_day_moving_avg":"-0.17010000000000003","moving_avg_50_day":"3.1","chg_from_50_day_moving_avg":"-0.1","pct_chg_from_50_day_moving_avg":"-0.0333","shares_outstanding":"7.9055E7","ebitda":"1.102E7","short_ratio":"5.6","pe_estimate_next_year":"","peg_ratio":"0.0","eps_estimate_next_year":"1.39","eps_estimate_next_quarter":"0.0","eps_estimate_current_quarter":"1.39","psr":"3.89","revenue":"5.568E7","profit_margin":"0.2555657327586207"},"OSN":{"symbol":"OSN","exchange":"NASDAQ","code":"OSN","name":"奥盛创新","current":"3.41","percentage":"-0.95","change":"-0.03","open":"3.46","high":"3.46","low":"3.27","close":"3.41","last_close":"3.44","high52week":"7.0","low52week":"1.06","volume":"9475.0","lot_volume":"9475.0","volumeAverage":"120607","marketCapital":"2.18116701E7","eps":"0.34","pe_ttm":"9.7059","pe_lyr":"4.0741","beta":"1.44","totalShares":"6609597","time":"Wed Oct 30 10:02:11 -0400 2019","afterHours":"3.44","afterHoursPct":"0.0","afterHoursChg":"0.0","afterHoursTime":"Wed Oct 30 09:26:29 -0400 2019","updateAt":"1572422325310","dividend":"0.0","yield":"0.0","turnover_rate":"","instOwn":"6.0","rise_stop":"0.0","fall_stop":"0.0","currency_unit":"USD","amount":"24256.0","net_assets":"13.804","hasexist":"","has_warrant":"0","type":"1","flag":"1","rest_day":"","amplitude":"5.52%","market_status":"休市","lot_size":"1","min_order_quantity":"0","max_order_quantity":"0","tick_size":"0.01","variable_tick_size":"0.0001 1 0.01","kzz_stock_symbol":"","kzz_stock_name":"","kzz_stock_current":"3.37","kzz_convert_price":"0.0","kzz_covert_value":"0.0","kzz_cpr":"0.0","kzz_putback_price":"0.0","kzz_convert_time":"","kzz_redempt_price":"0.0","kzz_straight_price":"0.0","kzz_stock_percent":"","pb":"0.13","benefit_before_tax":"0.0","benefit_after_tax":"0.0","convert_bond_ratio":"","totalissuescale":"","outstandingamt":"","maturitydate":"","remain_year":"","convertrate":"","interestrtmemo":"","release_date":"","circulation":"0.0","par_value":"0.0","due_time":"0.0","value_date":"","due_date":"","publisher":"","redeem_type":"F","issue_type":"","bond_type":"T","warrant":"","sale_rrg":"","rate":"","after_hour_vol":"151","float_shares":"2434000","float_market_capital":"4454220.0","disnext_pay_date":"","convert_rate":"","volume_ratio":"0.0","percent5m":"0.0","pankou_ratio":"14.29%","dividend_pay_date":"","ex_dividend_date":"","moving_avg_200_day":"2.0049","chg_from_200_day_moving_avg":"-0.1776","pct_chg_from_200_day_moving_avg":"-0.08857799999999999","moving_avg_50_day":"1.7081","chg_from_50_day_moving_avg":"0.1192","pct_chg_from_50_day_moving_avg":"0.06981","shares_outstanding":"6597000.0","ebitda":"8790000.0","short_ratio":"0.5","pe_estimate_next_year":"","peg_ratio":"0.0","eps_estimate_next_year":"","eps_estimate_next_quarter":"0.0","eps_estimate_current_quarter":"0.19","psr":"0.1073","revenue":"1.1252E8","profit_margin":"0.03922318698897974"},"MLCO":{"symbol":"MLCO","exchange":"NASDAQ","code":"MLCO","name":"新濠博亚娱乐","current":"21.83","percentage":"-2.54","change":"-0.57","open":"23.07","high":"23.07","low":"21.8","close":"21.83","last_close":"22.4","high52week":"26.97","low52week":"15.33","volume":"299415.0","lot_volume":"299415.0","volumeAverage":"1379830","marketCapital":"1.04611525E10","eps":"0.24","pe_ttm":"93.3333","pe_lyr":"32.0714","beta":"1.84","totalShares":"1401047000","time":"Wed Oct 30 10:25:16 -0400 2019","afterHours":"23.0","afterHoursPct":"2.45","afterHoursChg":"0.55","afterHoursTime":"Wed Oct 30 08:59:51 -0400 2019","updateAt":"1572422322488","dividend":"0.613","yield":"2.73","turnover_rate":"","instOwn":"10.68","rise_stop":"0.0","fall_stop":"0.0","currency_unit":"USD","amount":"7685983.05","net_assets":"5.66","hasexist":"","has_warrant":"0","type":"0","flag":"1","rest_day":"","amplitude":"5.67%","market_status":"休市","lot_size":"1","min_order_quantity":"0","max_order_quantity":"0","tick_size":"0.01","variable_tick_size":"0.0001 1 0.01","kzz_stock_symbol":"","kzz_stock_name":"","kzz_stock_current":"22.1","kzz_convert_price":"0.0","kzz_covert_value":"0.0","kzz_cpr":"0.0","kzz_putback_price":"0.0","kzz_convert_time":"","kzz_redempt_price":"0.0","kzz_straight_price":"0.0","kzz_stock_percent":"","pb":"4.47","benefit_before_tax":"0.0","benefit_after_tax":"0.0","convert_bond_ratio":"","totalissuescale":"","outstandingamt":"","maturitydate":"","remain_year":"","convertrate":"","interestrtmemo":"","release_date":"","circulation":"0.0","par_value":"0.0","due_time":"0.0","value_date":"","due_date":"","publisher":"","redeem_type":"T","issue_type":"","bond_type":"T","warrant":"","sale_rrg":"","rate":"","after_hour_vol":"2407","float_shares":"260628000","float_market_capital":"6.58867584E9","disnext_pay_date":"","convert_rate":"","volume_ratio":"0.0","percent5m":"0.0","pankou_ratio":"33.33%","dividend_pay_date":"Wed May 31 00:00:00 CST 2017","ex_dividend_date":"Fri Aug 04 00:00:00 CST 2017","moving_avg_200_day":"22.23","chg_from_200_day_moving_avg":"3.05","pct_chg_from_200_day_moving_avg":"0.1374","moving_avg_50_day":"23.59","chg_from_50_day_moving_avg":"1.69","pct_chg_from_50_day_moving_avg":"0.0718","shares_outstanding":"4.89167E8","ebitda":"1.11E9","short_ratio":"1.11","pe_estimate_next_year":"26.89","peg_ratio":"3.51","eps_estimate_next_year":"0.94","eps_estimate_next_quarter":"0.22","eps_estimate_current_quarter":"0.83","psr":"2.35","revenue":"4.92E9","profit_margin":"0.05170057723577236"},"SOL":{"symbol":"SOL","exchange":"NYSE","code":"SOL","name":"昱辉阳光","current":"1.42","percentage":"-0.57","change":"-0.01","open":"1.4","high":"1.43","low":"1.4","close":"1.42","last_close":"1.43","high52week":"2.11","low52week":"0.86","volume":"5488.0","lot_volume":"5488.0","volumeAverage":"167702","marketCapital":"5.4105834E7","eps":"-1.7","pe_ttm":"","pe_lyr":"1.0143","beta":"2.04","totalShares":"38102700","time":"Wed Oct 30 09:57:39 -0400 2019","afterHours":"1.42","afterHoursPct":"0.0","afterHoursChg":"0.0","afterHoursTime":"Wed Oct 30 03:59:48 -0400 2019","updateAt":"1572422329883","dividend":"0.0","yield":"0.0","turnover_rate":"","instOwn":"6.0","rise_stop":"0.0","fall_stop":"0.0","currency_unit":"USD","amount":"13006.56","net_assets":"0.69","hasexist":"","has_warrant":"0","type":"1","flag":"1","rest_day":"","amplitude":"2.10%","market_status":"休市","lot_size":"1","min_order_quantity":"0","max_order_quantity":"0","tick_size":"0.01","variable_tick_size":"0.01","kzz_stock_symbol":"","kzz_stock_name":"","kzz_stock_current":"1.41","kzz_convert_price":"0.0","kzz_covert_value":"0.0","kzz_cpr":"0.0","kzz_putback_price":"0.0","kzz_convert_time":"","kzz_redempt_price":"0.0","kzz_straight_price":"0.0","kzz_stock_percent":"","pb":"4.17","benefit_before_tax":"0.0","benefit_after_tax":"0.0","convert_bond_ratio":"","totalissuescale":"","outstandingamt":"","maturitydate":"","remain_year":"","convertrate":"","interestrtmemo":"","release_date":"","circulation":"0.0","par_value":"0.0","due_time":"0.0","value_date":"","due_date":"","publisher":"","redeem_type":"F","issue_type":"","bond_type":"T","warrant":"","sale_rrg":"","rate":"","after_hour_vol":"0","float_shares":"15986000","float_market_capital":"4.603968E7","disnext_pay_date":"","convert_rate":"","volume_ratio":"0.0","percent5m":"0.0","pankou_ratio":"33.33%","dividend_pay_date":"","ex_dividend_date":"","moving_avg_200_day":"2.51","chg_from_200_day_moving_avg":"0.37","pct_chg_from_200_day_moving_avg":"0.1484","moving_avg_50_day":"2.42","chg_from_50_day_moving_avg":"0.46","pct_chg_from_50_day_moving_avg":"0.19079999999999997","shares_outstanding":"2.0053E7","ebitda":"1.449E7","short_ratio":"6.0","pe_estimate_next_year":"41.14","peg_ratio":"-0.07","eps_estimate_next_year":"0.07","eps_estimate_next_quarter":"0.0","eps_estimate_current_quarter":"-2.68","psr":"0.08","revenue":"7.2734E8","profit_margin":"-0.13785162372480544"},"NFEC":{"symbol":"NFEC","exchange":"NASDAQ","code":"NFEC","name":"能发伟业","current":"7.00","percentage":"0.0","change":"0.00","open":"0.0","high":"0.0","low":"0.0","close":"7.0","last_close":"7.0","high52week":"25.0","low52week":"0.86","volume":"0.0","lot_volume":"0.0","volumeAverage":"9797","marketCapital":"5.24072E7","eps":"-0.39","pe_ttm":"","pe_lyr":"","beta":"-0.68","totalShares":"7573000","time":"Thu Feb 07 15:59:49 -0500 2019","afterHours":"7.0","afterHoursPct":"0.0","afterHoursChg":"0.0","afterHoursTime":"Wed Oct 30 03:59:42 -0400 2019","updateAt":"1572422323641","dividend":"0.0","yield":"0.0","turnover_rate":"","instOwn":"0.0","rise_stop":"0.0","fall_stop":"0.0","currency_unit":"USD","amount":"0.0","net_assets":"3.81","hasexist":"","has_warrant":"0","type":"1","flag":"1","rest_day":"","amplitude":"","market_status":"休市","lot_size":"1","min_order_quantity":"0","max_order_quantity":"0","tick_size":"0.01","variable_tick_size":"0.0001 1 0.01","kzz_stock_symbol":"","kzz_stock_name":"","kzz_stock_current":"7.14","kzz_convert_price":"0.0","kzz_covert_value":"0.0","kzz_cpr":"0.0","kzz_putback_price":"0.0","kzz_convert_time":"","kzz_redempt_price":"0.0","kzz_straight_price":"0.0","kzz_stock_percent":"","pb":"0.24","benefit_before_tax":"0.0","benefit_after_tax":"0.0","convert_bond_ratio":"","totalissuescale":"","outstandingamt":"","maturitydate":"","remain_year":"","convertrate":"","interestrtmemo":"","release_date":"","circulation":"0.0","par_value":"0.0","due_time":"0.0","value_date":"","due_date":"","publisher":"","redeem_type":"F","issue_type":"","bond_type":"T","warrant":"","sale_rrg":"","rate":"","after_hour_vol":"0","float_shares":"3699000","float_market_capital":"3329100.0","disnext_pay_date":"","convert_rate":"","volume_ratio":"0.0","percent5m":"0.0","pankou_ratio":"-81.82%","dividend_pay_date":"","ex_dividend_date":"","moving_avg_200_day":"0.92","chg_from_200_day_moving_avg":"-0.02","pct_chg_from_200_day_moving_avg":"-0.0167","moving_avg_50_day":"0.89","chg_from_50_day_moving_avg":"0.01","pct_chg_from_50_day_moving_avg":"0.0144","shares_outstanding":"7073000.0","ebitda":"-369619.0","short_ratio":"3.2","pe_estimate_next_year":"","peg_ratio":"0.0","eps_estimate_next_year":"","eps_estimate_next_quarter":"0.0","eps_estimate_current_quarter":"1.03","psr":"0.95","revenue":"6510000.0","profit_margin":"-0.2716205837173579"},"RCON":{"symbol":"RCON","exchange":"NASDAQ","code":"RCON","name":"研控科技","current":"0.6819","percentage":"0.26","change":"0.0018","open":"0.6865","high":"0.6865","low":"0.6819","close":"0.6819","last_close":"0.6801","high52week":"1.22","low52week":"0.61","volume":"4577.0","lot_volume":"4577.0","volumeAverage":"36973","marketCapital":"4231953.93","eps":"-0.63","pe_ttm":"","pe_lyr":"","beta":"1.91","totalShares":"6230792","time":"Wed Oct 30 10:19:46 -0400 2019","afterHours":"0.68","afterHoursPct":"0.0","afterHoursChg":"0.0","afterHoursTime":"Wed Oct 30 03:59:46 -0400 2019","updateAt":"1572422327601","dividend":"0.0","yield":"0.0","turnover_rate":"","instOwn":"2.0","rise_stop":"0.0","fall_stop":"0.0","currency_unit":"USD","amount":"7368.97","net_assets":"0.5","hasexist":"","has_warrant":"0","type":"1","flag":"1","rest_day":"","amplitude":"0.68%","market_status":"休市","lot_size":"1","min_order_quantity":"0","max_order_quantity":"0","tick_size":"0.0001","variable_tick_size":"0.0001 1 0.01","kzz_stock_symbol":"","kzz_stock_name":"","kzz_stock_current":"0.69","kzz_convert_price":"0.0","kzz_covert_value":"0.0","kzz_cpr":"0.0","kzz_putback_price":"0.0","kzz_convert_time":"","kzz_redempt_price":"0.0","kzz_straight_price":"0.0","kzz_stock_percent":"","pb":"3.02","benefit_before_tax":"0.0","benefit_after_tax":"0.0","convert_bond_ratio":"","totalissuescale":"","outstandingamt":"","maturitydate":"","remain_year":"","convertrate":"","interestrtmemo":"","release_date":"","circulation":"0.0","par_value":"0.0","due_time":"0.0","value_date":"","due_date":"","publisher":"","redeem_type":"F","issue_type":"","bond_type":"T","warrant":"","sale_rrg":"","rate":"","after_hour_vol":"0","float_shares":"5841000","float_market_capital":"8819910.0","disnext_pay_date":"","convert_rate":"","volume_ratio":"0.0","percent5m":"0.0","pankou_ratio":"-88.89%","dividend_pay_date":"","ex_dividend_date":"","moving_avg_200_day":"1.16","chg_from_200_day_moving_avg":"0.35","pct_chg_from_200_day_moving_avg":"0.303","moving_avg_50_day":"1.24","chg_from_50_day_moving_avg":"0.27","pct_chg_from_50_day_moving_avg":"0.2147","shares_outstanding":"9902000.0","ebitda":"-4480000.0","short_ratio":"6.87","pe_estimate_next_year":"","peg_ratio":"0.0","eps_estimate_next_year":"","eps_estimate_next_quarter":"0.0","eps_estimate_current_quarter":"","psr":"1.74","revenue":"9040000.0","profit_margin":"-0.8105619469026548"},"SSW":{"symbol":"SSW","exchange":"NYSE","code":"SSW","name":"塞斯潘","current":"11.44","percentage":"-1.21","change":"-0.14","open":"11.54","high":"11.54","low":"11.33","close":"11.44","last_close":"11.58","high52week":"11.75","low52week":"7.05","volume":"63993.0","lot_volume":"63993.0","volumeAverage":"439408","marketCapital":"2.496851E9","eps":"1.31","pe_ttm":"8.8397","pe_lyr":"12.3298","beta":"0.75","totalShares":"215618000","time":"Wed Oct 30 10:24:07 -0400 2019","afterHours":"11.59","afterHoursPct":"0.0","afterHoursChg":"0.0","afterHoursTime":"Wed Oct 30 03:59:49 -0400 2019","updateAt":"1572422330404","dividend":"0.5","yield":"4.32","turnover_rate":"","instOwn":"12.0","rise_stop":"0.0","fall_stop":"0.0","currency_unit":"USD","amount":"546500.22","net_assets":"15.35","hasexist":"","has_warrant":"0","type":"0","flag":"1","rest_day":"","amplitude":"1.81%","market_status":"休市","lot_size":"1","min_order_quantity":"0","max_order_quantity":"0","tick_size":"0.01","variable_tick_size":"0.01","kzz_stock_symbol":"","kzz_stock_name":"","kzz_stock_current":"11.41","kzz_convert_price":"0.0","kzz_covert_value":"0.0","kzz_cpr":"0.0","kzz_putback_price":"0.0","kzz_convert_time":"","kzz_redempt_price":"0.0","kzz_straight_price":"0.0","kzz_stock_percent":"","pb":"0.46","benefit_before_tax":"0.0","benefit_after_tax":"0.0","convert_bond_ratio":"","totalissuescale":"","outstandingamt":"","maturitydate":"","remain_year":"","convertrate":"","interestrtmemo":"","release_date":"","circulation":"0.0","par_value":"0.0","due_time":"0.0","value_date":"","due_date":"","publisher":"","redeem_type":"T","issue_type":"0","bond_type":"T","warrant":"","sale_rrg":"0","rate":"","after_hour_vol":"0","float_shares":"56269000","float_market_capital":"3.93883E8","disnext_pay_date":"","convert_rate":"","volume_ratio":"0.0","percent5m":"0.0","pankou_ratio":"0.0%","dividend_pay_date":"Mon Oct 30 00:00:00 CST 2017","ex_dividend_date":"Thu Oct 19 00:00:00 CST 2017","moving_avg_200_day":"6.64","chg_from_200_day_moving_avg":"0.36","pct_chg_from_200_day_moving_avg":"0.0545","moving_avg_50_day":"7.13","chg_from_50_day_moving_avg":"-0.13","pct_chg_from_50_day_moving_avg":"-0.018799999999999997","shares_outstanding":"1.17837E8","ebitda":"5.01E8","short_ratio":"6.54","pe_estimate_next_year":"6.36","peg_ratio":"1.41","eps_estimate_next_year":"1.1","eps_estimate_next_quarter":"0.2","eps_estimate_current_quarter":"0.69","psr":"0.98","revenue":"8.44E8","profit_margin":"-0.22618002369668247"},"TYHT":{"symbol":"TYHT","exchange":"NASDAQ","code":"TYHT","name":"天益华泰","current":"0.5320","percentage":"-5.0","change":"-0.0280","open":"0.532","high":"0.532","low":"0.532","close":"0.532","last_close":"0.56","high52week":"1.66","low52week":"0.4326","volume":"168.0","lot_volume":"168.0","volumeAverage":"38138","marketCapital":"1.53067E7","eps":"0.04","pe_ttm":"14.0","pe_lyr":"1.5217","beta":"1.8","totalShares":"27333000","time":"Wed Oct 30 09:48:25 -0400 2019","afterHours":"0.55","afterHoursPct":"0.0","afterHoursChg":"0.0","afterHoursTime":"Wed Oct 30 03:59:50 -0400 2019","updateAt":"1572422332184","dividend":"0.0","yield":"0.0","turnover_rate":"","instOwn":"0.0","rise_stop":"0.0","fall_stop":"0.0","currency_unit":"USD","amount":"216.72","net_assets":"2.96","hasexist":"","has_warrant":"0","type":"1","flag":"1","rest_day":"","amplitude":"","market_status":"休市","lot_size":"1","min_order_quantity":"0","max_order_quantity":"0","tick_size":"0.0001","variable_tick_size":"0.0001 1 0.01","kzz_stock_symbol":"","kzz_stock_name":"","kzz_stock_current":"0.53","kzz_convert_price":"0.0","kzz_covert_value":"0.0","kzz_cpr":"0.0","kzz_putback_price":"0.0","kzz_convert_time":"","kzz_redempt_price":"0.0","kzz_straight_price":"0.0","kzz_stock_percent":"","pb":"1.15","benefit_before_tax":"0.0","benefit_after_tax":"0.0","convert_bond_ratio":"","totalissuescale":"","outstandingamt":"","maturitydate":"","remain_year":"","convertrate":"","interestrtmemo":"","release_date":"","circulation":"0.0","par_value":"0.0","due_time":"0.0","value_date":"","due_date":"","publisher":"","redeem_type":"F","issue_type":"","bond_type":"T","warrant":"","sale_rrg":"","rate":"","after_hour_vol":"0","float_shares":"14749000","float_market_capital":"5.01466E7","disnext_pay_date":"","convert_rate":"","volume_ratio":"0.0","percent5m":"0.0","pankou_ratio":"52.63%","dividend_pay_date":"","ex_dividend_date":"","moving_avg_200_day":"2.79","chg_from_200_day_moving_avg":"0.61","pct_chg_from_200_day_moving_avg":"0.218","moving_avg_50_day":"2.78","chg_from_50_day_moving_avg":"0.62","pct_chg_from_50_day_moving_avg":"0.2214","shares_outstanding":"2.1034E7","ebitda":"8020000.0","short_ratio":"0.27","pe_estimate_next_year":"","peg_ratio":"0.0","eps_estimate_next_year":"","eps_estimate_next_quarter":"0.0","eps_estimate_current_quarter":"","psr":"2.2","revenue":"3.359E7","profit_margin":"0.2567412920512057"},"TAL":{"symbol":"TAL","exchange":"NYSE","code":"TAL","name":"好未来","current":"42.91","percentage":"2.07","change":"0.87","open":"42.05","high":"43.08","low":"41.9","close":"42.91","last_close":"42.04","high52week":"43.5","low52week":"24.66","volume":"1172313.0","lot_volume":"1172313.0","volumeAverage":"2952716","marketCapital":"2.0875402992E10","eps":"0.36","pe_ttm":"115.7778","pe_lyr":"122.5882","beta":"0.2","totalShares":"500849400","time":"Wed Oct 30 10:25:24 -0400 2019","afterHours":"41.92","afterHoursPct":"-0.29","afterHoursChg":"-0.12","afterHoursTime":"Wed Oct 30 09:29:53 -0400 2019","updateAt":"1572422330834","dividend":"0.49","yield":"1.32","turnover_rate":"","instOwn":"76.61","rise_stop":"0.0","fall_stop":"0.0","currency_unit":"USD","amount":"3.730299966E7","net_assets":"1.38","hasexist":"","has_warrant":"0","type":"1","flag":"1","rest_day":"","amplitude":"2.81%","market_status":"休市","lot_size":"1","min_order_quantity":"0","max_order_quantity":"0","tick_size":"0.01","variable_tick_size":"0.01","kzz_stock_symbol":"","kzz_stock_name":"","kzz_stock_current":"42.85","kzz_convert_price":"0.0","kzz_covert_value":"0.0","kzz_cpr":"0.0","kzz_putback_price":"0.0","kzz_convert_time":"","kzz_redempt_price":"0.0","kzz_straight_price":"0.0","kzz_stock_percent":"","pb":"19.93","benefit_before_tax":"0.0","benefit_after_tax":"0.0","convert_bond_ratio":"","totalissuescale":"","outstandingamt":"","maturitydate":"","remain_year":"","convertrate":"","interestrtmemo":"","release_date":"","circulation":"0.0","par_value":"0.0","due_time":"0.0","value_date":"","due_date":"","publisher":"","redeem_type":"F","issue_type":"","bond_type":"T","warrant":"","sale_rrg":"","rate":"","after_hour_vol":"681","float_shares":"0","float_market_capital":"8.28189955E9","disnext_pay_date":"","convert_rate":"","volume_ratio":"0.0","percent5m":"0.0","pankou_ratio":"42.86%","dividend_pay_date":"Thu May 25 00:00:00 CST 2017","ex_dividend_date":"Tue May 09 00:00:00 CST 2017","moving_avg_200_day":"25.79","chg_from_200_day_moving_avg":"1.71","pct_chg_from_200_day_moving_avg":"0.0662","moving_avg_50_day":"33.07","chg_from_50_day_moving_avg":"-5.57","pct_chg_from_50_day_moving_avg":"-0.1685","shares_outstanding":"4.94207E8","ebitda":"1.8299E8","short_ratio":"3.7","pe_estimate_next_year":"50.0","peg_ratio":"2.84","eps_estimate_next_year":"0.55","eps_estimate_next_quarter":"0.1","eps_estimate_current_quarter":"0.32","psr":"11.48","revenue":"1.17E9","profit_margin":"0.10137579487179488"},"TOUR":{"symbol":"TOUR","exchange":"NASDAQ","code":"TOUR","name":"途牛","current":"3.06","percentage":"-0.81","change":"-0.03","open":"3.06","high":"3.06","low":"3.05","close":"3.06","last_close":"3.08","high52week":"6.87","low52week":"2.48","volume":"18251.0","lot_volume":"18251.0","volumeAverage":"57465","marketCapital":"3.85795415E8","eps":"-2.9","pe_ttm":"","pe_lyr":"","beta":"1.57","totalShares":"126490300","time":"Wed Oct 30 10:23:48 -0400 2019","afterHours":"3.05","afterHoursPct":"0.0","afterHoursChg":"0.0","afterHoursTime":"Wed Oct 30 03:59:50 -0400 2019","updateAt":"1572422331635","dividend":"0.0","yield":"0.0","turnover_rate":"","instOwn":"17.0","rise_stop":"0.0","fall_stop":"0.0","currency_unit":"USD","amount":"0.0","net_assets":"4.6","hasexist":"","has_warrant":"0","type":"1","flag":"1","rest_day":"","amplitude":"0.32%","market_status":"休市","lot_size":"1","min_order_quantity":"0","max_order_quantity":"0","tick_size":"0.01","variable_tick_size":"0.0001 1 0.01","kzz_stock_symbol":"","kzz_stock_name":"","kzz_stock_current":"3.06","kzz_convert_price":"0.0","kzz_covert_value":"0.0","kzz_cpr":"0.0","kzz_putback_price":"0.0","kzz_convert_time":"","kzz_redempt_price":"0.0","kzz_straight_price":"0.0","kzz_stock_percent":"","pb":"1.49","benefit_before_tax":"0.0","benefit_after_tax":"0.0","convert_bond_ratio":"","totalissuescale":"","outstandingamt":"","maturitydate":"","remain_year":"","convertrate":"","interestrtmemo":"","release_date":"","circulation":"0.0","par_value":"0.0","due_time":"0.0","value_date":"","due_date":"","publisher":"","redeem_type":"T","issue_type":"","bond_type":"T","warrant":"","sale_rrg":"","rate":"","after_hour_vol":"0","float_shares":"0","float_market_capital":"3.004776E8","disnext_pay_date":"","convert_rate":"","volume_ratio":"0.0","percent5m":"0.0","pankou_ratio":"50.0%","dividend_pay_date":"","ex_dividend_date":"","moving_avg_200_day":"7.9","chg_from_200_day_moving_avg":"-1.06","pct_chg_from_200_day_moving_avg":"-0.1341","moving_avg_50_day":"7.69","chg_from_50_day_moving_avg":"-0.85","pct_chg_from_50_day_moving_avg":"-0.111","shares_outstanding":"9.3337E7","ebitda":"-2.3905E8","short_ratio":"9.03","pe_estimate_next_year":"","peg_ratio":"6131.0","eps_estimate_next_year":"-0.04","eps_estimate_next_quarter":"-0.22","eps_estimate_current_quarter":"-0.77","psr":"0.61","revenue":"1.05E9","profit_margin":"-0.17956260952380954"}}