{"SFUN":{"symbol":"SFUN","exchange":"NYSE","code":"SFUN","name":"房天下","current":"2.49","percentage":"3.32","change":"0.08","open":"2.41","high":"2.54","low":"0.0","close":"2.49","last_close":"2.41","high52week":"18.3","low52week":"2.52","volume":"0.0","lot_volume":"0.0","volumeAverage":"9490000","marketCapital":"1.083292677E9","eps":"-0.36","pe_ttm":"","pe_lyr":"49.2406","beta":"0.97","totalShares":"435057300","time":"Fri Jul 12 11:12:22 -0400 2019","afterHours":"2.49","afterHoursPct":"0.0","afterHoursChg":"0.0","afterHoursTime":"Mon Jul 29 03:59:48 -0400 2019","updateAt":"1564387130423","dividend":"0.19","yield":"5.44","turnover_rate":"","instOwn":"177.18","rise_stop":"0.0","fall_stop":"0.0","currency_unit":"USD","amount":"0.0","net_assets":"1.34","hasexist":"","has_warrant":"0","type":"1","flag":"1","rest_day":"","amplitude":"","market_status":"未开盘","lot_size":"1","min_order_quantity":"0","max_order_quantity":"0","tick_size":"0.01","variable_tick_size":"0.01","kzz_stock_symbol":"","kzz_stock_name":"","kzz_stock_current":"2.63","kzz_convert_price":"0.0","kzz_covert_value":"0.0","kzz_cpr":"0.0","kzz_putback_price":"0.0","kzz_convert_time":"","kzz_redempt_price":"0.0","kzz_straight_price":"0.0","kzz_stock_percent":"","pb":"3.39","benefit_before_tax":"0.0","benefit_after_tax":"0.0","convert_bond_ratio":"","totalissuescale":"","outstandingamt":"","maturitydate":"","remain_year":"","convertrate":"","interestrtmemo":"","release_date":"","circulation":"0.0","par_value":"0.0","due_time":"0.0","value_date":"","due_date":"","publisher":"","redeem_type":"F","issue_type":"","bond_type":"T","warrant":"","sale_rrg":"","rate":"","after_hour_vol":"0","float_shares":"234517000","float_market_capital":"1.06470718E9","disnext_pay_date":"","convert_rate":"","volume_ratio":"0.0","percent5m":"0.0","pankou_ratio":"-91.49%","dividend_pay_date":"Tue Mar 31 00:00:00 CST 2015","ex_dividend_date":"Wed Mar 11 00:00:00 CST 2015","moving_avg_200_day":"3.63","chg_from_200_day_moving_avg":"0.91","pct_chg_from_200_day_moving_avg":"0.2521","moving_avg_50_day":"4.23","chg_from_50_day_moving_avg":"0.31","pct_chg_from_50_day_moving_avg":"0.0723","shares_outstanding":"4.35057E8","ebitda":"9320000.0","short_ratio":"8.49","pe_estimate_next_year":"23.89","peg_ratio":"0.42","eps_estimate_next_year":"0.19","eps_estimate_next_quarter":"0.03","eps_estimate_current_quarter":"0.04","psr":"3.0","revenue":"6.4469E8","profit_margin":"-0.04723819199925546"},"NOAH":{"symbol":"NOAH","exchange":"NYSE","code":"NOAH","name":"诺亚财富","current":"33.17","percentage":"1.53","change":"0.50","open":"32.7","high":"33.32","low":"0.0","close":"33.17","last_close":"32.67","high52week":"60.14","low52week":"30.32","volume":"0.0","lot_volume":"0.0","volumeAverage":"508460","marketCapital":"1.872867759E9","eps":"1.73","pe_ttm":"19.1734","pe_lyr":"16.8853","beta":"1.87","totalShares":"56462700","time":"Fri Jul 12 11:14:47 -0400 2019","afterHours":"33.17","afterHoursPct":"0.0","afterHoursChg":"0.0","afterHoursTime":"Mon Jul 29 03:59:43 -0400 2019","updateAt":"1564387124659","dividend":"0.0","yield":"0.0","turnover_rate":"","instOwn":"75.0","rise_stop":"0.0","fall_stop":"0.0","currency_unit":"USD","amount":"0.0","net_assets":"10.18","hasexist":"","has_warrant":"0","type":"1","flag":"1","rest_day":"","amplitude":"","market_status":"未开盘","lot_size":"1","min_order_quantity":"0","max_order_quantity":"0","tick_size":"0.01","variable_tick_size":"0.01","kzz_stock_symbol":"","kzz_stock_name":"","kzz_stock_current":"31.66","kzz_convert_price":"0.0","kzz_covert_value":"0.0","kzz_cpr":"0.0","kzz_putback_price":"0.0","kzz_convert_time":"","kzz_redempt_price":"0.0","kzz_straight_price":"0.0","kzz_stock_percent":"","pb":"3.85","benefit_before_tax":"0.0","benefit_after_tax":"0.0","convert_bond_ratio":"","totalissuescale":"","outstandingamt":"","maturitydate":"","remain_year":"","convertrate":"","interestrtmemo":"","release_date":"","circulation":"0.0","par_value":"0.0","due_time":"0.0","value_date":"","due_date":"","publisher":"","redeem_type":"F","issue_type":"","bond_type":"T","warrant":"","sale_rrg":"","rate":"","after_hour_vol":"0","float_shares":"17056000","float_market_capital":"6.6893632E8","disnext_pay_date":"","convert_rate":"","volume_ratio":"0.0","percent5m":"0.0","pankou_ratio":"90.48%","dividend_pay_date":"Tue Apr 09 00:00:00 CST 2013","ex_dividend_date":"Mon Mar 18 00:00:00 CST 2013","moving_avg_200_day":"30.2","chg_from_200_day_moving_avg":"9.02","pct_chg_from_200_day_moving_avg":"0.2988","moving_avg_50_day":"34.86","chg_from_50_day_moving_avg":"4.36","pct_chg_from_50_day_moving_avg":"0.1252","shares_outstanding":"5.6461E7","ebitda":"1.207E8","short_ratio":"18.02","pe_estimate_next_year":"19.42","peg_ratio":"0.0","eps_estimate_next_year":"2.02","eps_estimate_next_quarter":"0.0","eps_estimate_current_quarter":"1.65","psr":"5.53","revenue":"4.0275E8","profit_margin":"0.24813400372439479"},"SPI":{"symbol":"SPI","exchange":"NASDAQ","code":"SPI","name":"阳光动力","current":"2.25","percentage":"2.74","change":"0.06","open":"2.2","high":"2.3","low":"0.0","close":"2.25","last_close":"2.19","high52week":"7.32","low52week":"0.61","volume":"0.0","lot_volume":"0.0","volumeAverage":"0","marketCapital":"1.4378966325E8","eps":"-0.09","pe_ttm":"","pe_lyr":"","beta":"4.9","totalShares":"63906517","time":"Fri Jul 12 10:50:11 -0400 2019","afterHours":"2.25","afterHoursPct":"0.0","afterHoursChg":"0.0","afterHoursTime":"Mon Jul 29 03:59:49 -0400 2019","updateAt":"1564387131308","dividend":"0.0","yield":"0.0","turnover_rate":"","instOwn":"0.0","rise_stop":"0.0","fall_stop":"0.0","currency_unit":"USD","amount":"0.0","net_assets":"0.2042","hasexist":"","has_warrant":"0","type":"1","flag":"1","rest_day":"","amplitude":"","market_status":"未开盘","lot_size":"1","min_order_quantity":"0","max_order_quantity":"0","tick_size":"0.01","variable_tick_size":"0.0001 1 0.01","kzz_stock_symbol":"","kzz_stock_name":"","kzz_stock_current":"2.27","kzz_convert_price":"0.0","kzz_covert_value":"0.0","kzz_cpr":"0.0","kzz_putback_price":"0.0","kzz_convert_time":"","kzz_redempt_price":"0.0","kzz_straight_price":"0.0","kzz_stock_percent":"","pb":"0.62","benefit_before_tax":"0.0","benefit_after_tax":"0.0","convert_bond_ratio":"","totalissuescale":"","outstandingamt":"","maturitydate":"","remain_year":"","convertrate":"","interestrtmemo":"","release_date":"","circulation":"0.0","par_value":"0.0","due_time":"0.0","value_date":"","due_date":"","publisher":"","redeem_type":"T","issue_type":"","bond_type":"F","warrant":"","sale_rrg":"","rate":"","after_hour_vol":"0","float_shares":"48123000","float_market_capital":"6101996.4","disnext_pay_date":"","convert_rate":"","volume_ratio":"0.0","percent5m":"0.0","pankou_ratio":"0.0%","dividend_pay_date":"","ex_dividend_date":"","moving_avg_200_day":"0.1752","chg_from_200_day_moving_avg":"-0.0484","pct_chg_from_200_day_moving_avg":"-0.276433","moving_avg_50_day":"0.1697","chg_from_50_day_moving_avg":"-0.0429","pct_chg_from_50_day_moving_avg":"-0.252773","shares_outstanding":"6.41665E8","ebitda":"-1.6463E8","short_ratio":"0.07","pe_estimate_next_year":"","peg_ratio":"0.0","eps_estimate_next_year":"","eps_estimate_next_quarter":"0.0","eps_estimate_current_quarter":"","psr":"0.4255","revenue":"1.9603E8","profit_margin":"-1.134853111768607"},"SGOC":{"symbol":"SGOC","exchange":"NASDAQ","code":"SGOC","name":"上为集团","current":"1.17","percentage":"1.74","change":"0.02","open":"1.17","high":"1.17","low":"0.0","close":"1.17","last_close":"1.15","high52week":"1.44","low52week":"0.8","volume":"0.0","lot_volume":"0.0","volumeAverage":"127885","marketCapital":"1.098387576E7","eps":"-0.34","pe_ttm":"","pe_lyr":"","beta":"0.11","totalShares":"9387928","time":"Fri Jul 12 10:04:07 -0400 2019","afterHours":"1.17","afterHoursPct":"0.0","afterHoursChg":"0.0","afterHoursTime":"Mon Jul 29 03:59:48 -0400 2019","updateAt":"1564387130470","dividend":"0.0","yield":"0.0","turnover_rate":"","instOwn":"1.0","rise_stop":"0.0","fall_stop":"0.0","currency_unit":"USD","amount":"0.0","net_assets":"10.358","hasexist":"","has_warrant":"0","type":"1","flag":"1","rest_day":"","amplitude":"","market_status":"未开盘","lot_size":"1","min_order_quantity":"0","max_order_quantity":"0","tick_size":"0.01","variable_tick_size":"0.0001 1 0.01","kzz_stock_symbol":"","kzz_stock_name":"","kzz_stock_current":"1.05","kzz_convert_price":"0.0","kzz_covert_value":"0.0","kzz_cpr":"0.0","kzz_putback_price":"0.0","kzz_convert_time":"","kzz_redempt_price":"0.0","kzz_straight_price":"0.0","kzz_stock_percent":"","pb":"0.11","benefit_before_tax":"0.0","benefit_after_tax":"0.0","convert_bond_ratio":"","totalissuescale":"","outstandingamt":"","maturitydate":"","remain_year":"","convertrate":"","interestrtmemo":"","release_date":"","circulation":"0.0","par_value":"0.0","due_time":"0.0","value_date":"","due_date":"","publisher":"","redeem_type":"F","issue_type":"0","bond_type":"T","warrant":"","sale_rrg":"0","rate":"","after_hour_vol":"0","float_shares":"3505000","float_market_capital":"4135900.0","disnext_pay_date":"","convert_rate":"","volume_ratio":"0.0","percent5m":"0.0","pankou_ratio":"66.67%","dividend_pay_date":"","ex_dividend_date":"","moving_avg_200_day":"1.277","chg_from_200_day_moving_avg":"-0.094","pct_chg_from_200_day_moving_avg":"-0.07365000000000001","moving_avg_50_day":"1.15","chg_from_50_day_moving_avg":"0.033","pct_chg_from_50_day_moving_avg":"0.0287","shares_outstanding":"8367000.0","ebitda":"-2700000.0","short_ratio":"1.2","pe_estimate_next_year":"","peg_ratio":"0.0","eps_estimate_next_year":"","eps_estimate_next_quarter":"0.0","eps_estimate_current_quarter":"","psr":"2.063","revenue":"5070000.0","profit_margin":"-1.1222011834319527"},"UTSI":{"symbol":"UTSI","exchange":"NASDAQ","code":"UTSI","name":"UT斯达康","current":"2.91","percentage":"-1.36","change":"-0.04","open":"2.93","high":"2.99","low":"2.91","close":"2.91","last_close":"2.95","high52week":"4.11","low52week":"2.59","volume":"9489.0","lot_volume":"9489.0","volumeAverage":"36140","marketCapital":"1.02503586E8","eps":"0.26","pe_ttm":"11.1923","pe_lyr":"14.6434","beta":"0.84","totalShares":"35224600","time":"Fri Jul 26 15:59:40 -0400 2019","afterHours":"2.91","afterHoursPct":"0.0","afterHoursChg":"0.0","afterHoursTime":"Mon Jul 29 03:59:52 -0400 2019","updateAt":"1564387133872","dividend":"0.0","yield":"0.0","turnover_rate":"0.03%","instOwn":"10.47","rise_stop":"0.0","fall_stop":"0.0","currency_unit":"USD","amount":"35868.42","net_assets":"2.78","hasexist":"","has_warrant":"0","type":"1","flag":"1","rest_day":"","amplitude":"2.71%","market_status":"未开盘","lot_size":"1","min_order_quantity":"0","max_order_quantity":"0","tick_size":"0.01","variable_tick_size":"0.0001 1 0.01","kzz_stock_symbol":"","kzz_stock_name":"","kzz_stock_current":"2.95","kzz_convert_price":"0.0","kzz_covert_value":"0.0","kzz_cpr":"0.0","kzz_putback_price":"0.0","kzz_convert_time":"","kzz_redempt_price":"0.0","kzz_straight_price":"0.0","kzz_stock_percent":"","pb":"1.15","benefit_before_tax":"0.0","benefit_after_tax":"0.0","convert_bond_ratio":"","totalissuescale":"","outstandingamt":"","maturitydate":"","remain_year":"","convertrate":"","interestrtmemo":"","release_date":"","circulation":"0.0","par_value":"0.0","due_time":"0.0","value_date":"","due_date":"","publisher":"","redeem_type":"F","issue_type":"","bond_type":"T","warrant":"","sale_rrg":"","rate":"","after_hour_vol":"0","float_shares":"14547000","float_market_capital":"4.65504E7","disnext_pay_date":"","convert_rate":"","volume_ratio":"0.0","percent5m":"0.0","pankou_ratio":"0.0%","dividend_pay_date":"","ex_dividend_date":"","moving_avg_200_day":"2.29","chg_from_200_day_moving_avg":"0.91","pct_chg_from_200_day_moving_avg":"0.3944","moving_avg_50_day":"2.69","chg_from_50_day_moving_avg":"0.51","pct_chg_from_50_day_moving_avg":"0.1902","shares_outstanding":"3.5421E7","ebitda":"6110000.0","short_ratio":"0.26","pe_estimate_next_year":"","peg_ratio":"0.0","eps_estimate_next_year":"-0.04","eps_estimate_next_quarter":"0.0","eps_estimate_current_quarter":"-0.01","psr":"1.23","revenue":"9.163E7","profit_margin":"0.06185048564880498"},"RENN":{"symbol":"RENN","exchange":"NYSE","code":"RENN","name":"人人","current":"0.81","percentage":"0.62","change":"0.01","open":"0.82","high":"0.82","low":"0.8","close":"0.81","last_close":"0.81","high52week":"2.47","low52week":"0.76","volume":"11657.0","lot_volume":"11657.0","volumeAverage":"386226","marketCapital":"5.5327455E7","eps":"-2.2","pe_ttm":"","pe_lyr":"","beta":"0.52","totalShares":"68305500","time":"Fri Jul 26 15:53:10 -0400 2019","afterHours":"0.81","afterHoursPct":"0.0","afterHoursChg":"0.0","afterHoursTime":"Mon Jul 29 03:59:47 -0400 2019","updateAt":"1564387128742","dividend":"9.168","yield":"804.17","turnover_rate":"0.02%","instOwn":"1.0","rise_stop":"0.0","fall_stop":"0.0","currency_unit":"USD","amount":"23896.85","net_assets":"10.41","hasexist":"","has_warrant":"0","type":"1","flag":"1","rest_day":"","amplitude":"2.47%","market_status":"未开盘","lot_size":"1","min_order_quantity":"0","max_order_quantity":"0","tick_size":"0.01","variable_tick_size":"0.01","kzz_stock_symbol":"","kzz_stock_name":"","kzz_stock_current":"0.81","kzz_convert_price":"0.0","kzz_covert_value":"0.0","kzz_cpr":"0.0","kzz_putback_price":"0.0","kzz_convert_time":"","kzz_redempt_price":"0.0","kzz_straight_price":"0.0","kzz_stock_percent":"","pb":"1.06","benefit_before_tax":"0.0","benefit_after_tax":"0.0","convert_bond_ratio":"","totalissuescale":"","outstandingamt":"","maturitydate":"","remain_year":"","convertrate":"","interestrtmemo":"","release_date":"","circulation":"0.0","par_value":"0.0","due_time":"0.0","value_date":"","due_date":"","publisher":"","redeem_type":"F","issue_type":"","bond_type":"T","warrant":"","sale_rrg":"","rate":"","after_hour_vol":"0","float_shares":"15190000","float_market_capital":"1.678495E8","disnext_pay_date":"","convert_rate":"","volume_ratio":"0.0","percent5m":"0.0","pankou_ratio":"-77.78%","dividend_pay_date":"","ex_dividend_date":"","moving_avg_200_day":"7.45","chg_from_200_day_moving_avg":"3.6","pct_chg_from_200_day_moving_avg":"0.4828","moving_avg_50_day":"9.03","chg_from_50_day_moving_avg":"2.02","pct_chg_from_50_day_moving_avg":"0.2232","shares_outstanding":"6.852E7","ebitda":"-6.785E7","short_ratio":"7.28","pe_estimate_next_year":"","peg_ratio":"0.0","eps_estimate_next_year":"-1.2","eps_estimate_next_quarter":"0.0","eps_estimate_current_quarter":"-1.46","psr":"8.91","revenue":"8.149E7","profit_margin":"-1.8414382132777027"},"SHI":{"symbol":"SHI","exchange":"NYSE","code":"SHI","name":"上石化","current":"35.31","percentage":"-1.73","change":"-0.62","open":"35.73","high":"36.13","low":"0.0","close":"35.31","last_close":"35.93","high52week":"62.36","low52week":"36.97","volume":"0.0","lot_volume":"0.0","volumeAverage":"14209","marketCapital":"1.2557535E9","eps":"2.3","pe_ttm":"16.7116","pe_lyr":"4.3515","beta":"0.97","totalShares":"3495000000","time":"Fri Jul 12 11:03:06 -0400 2019","afterHours":"35.31","afterHoursPct":"0.0","afterHoursChg":"0.0","afterHoursTime":"Mon Jul 29 03:59:48 -0400 2019","updateAt":"1564387130514","dividend":"3.221","yield":"8.96","turnover_rate":"","instOwn":"0.27","rise_stop":"0.0","fall_stop":"0.0","currency_unit":"USD","amount":"0.0","net_assets":"34.4","hasexist":"","has_warrant":"0","type":"0","flag":"1","rest_day":"","amplitude":"","market_status":"未开盘","lot_size":"1","min_order_quantity":"0","max_order_quantity":"0","tick_size":"0.01","variable_tick_size":"0.01","kzz_stock_symbol":"","kzz_stock_name":"","kzz_stock_current":"37.45","kzz_convert_price":"0.0","kzz_covert_value":"0.0","kzz_cpr":"0.0","kzz_putback_price":"0.0","kzz_convert_time":"","kzz_redempt_price":"0.0","kzz_straight_price":"0.0","kzz_stock_percent":"","pb":"1.76","benefit_before_tax":"0.0","benefit_after_tax":"0.0","convert_bond_ratio":"","totalissuescale":"","outstandingamt":"","maturitydate":"","remain_year":"","convertrate":"","interestrtmemo":"","release_date":"","circulation":"0.0","par_value":"0.0","due_time":"0.0","value_date":"","due_date":"","publisher":"","redeem_type":"T","issue_type":"","bond_type":"T","warrant":"","sale_rrg":"","rate":"","after_hour_vol":"0","float_shares":"51247000","float_market_capital":"3.1004435E9","disnext_pay_date":"","convert_rate":"","volume_ratio":"0.0","percent5m":"0.0","pankou_ratio":"-81.82%","dividend_pay_date":"Mon Jul 24 00:00:00 CST 2017","ex_dividend_date":"Thu Jun 15 00:00:00 CST 2017","moving_avg_200_day":"58.2","chg_from_200_day_moving_avg":"2.3","pct_chg_from_200_day_moving_avg":"0.039599999999999996","moving_avg_50_day":"61.07","chg_from_50_day_moving_avg":"-0.57","pct_chg_from_50_day_moving_avg":"-0.009399999999999999","shares_outstanding":"1.08E8","ebitda":"1.12E9","short_ratio":"0.61","pe_estimate_next_year":"","peg_ratio":"0.0","eps_estimate_next_year":"0.03","eps_estimate_next_quarter":"0.0","eps_estimate_current_quarter":"-0.03","psr":"0.52","revenue":"1.265E10","profit_margin":"0.06488537549407114"},"SECO":{"symbol":"SECO","exchange":"NASDAQ","code":"SECO","name":"寺库","current":"8.09","percentage":"0.06","change":"0.01","open":"7.85","high":"8.18","low":"0.0","close":"8.09","last_close":"8.09","high52week":"15.48","low52week":"6.65","volume":"0.0","lot_volume":"0.0","volumeAverage":"0","marketCapital":"4.1559635726E8","eps":"0.42","pe_ttm":"19.25","pe_lyr":"","beta":"0.0","totalShares":"51371614","time":"Fri Jul 12 10:47:14 -0400 2019","afterHours":"8.09","afterHoursPct":"0.0","afterHoursChg":"0.0","afterHoursTime":"Mon Jul 29 03:59:48 -0400 2019","updateAt":"1564387130323","dividend":"0.0","yield":"0.0","turnover_rate":"","instOwn":"0.0","rise_stop":"0.0","fall_stop":"0.0","currency_unit":"","amount":"0.0","net_assets":"0.0","hasexist":"","has_warrant":"0","type":"1","flag":"1","rest_day":"","amplitude":"","market_status":"未开盘","lot_size":"1","min_order_quantity":"0","max_order_quantity":"0","tick_size":"0.01","variable_tick_size":"0.0001 1 0.01","kzz_stock_symbol":"","kzz_stock_name":"","kzz_stock_current":"7.3","kzz_convert_price":"0.0","kzz_covert_value":"0.0","kzz_cpr":"0.0","kzz_putback_price":"0.0","kzz_convert_time":"","kzz_redempt_price":"0.0","kzz_straight_price":"0.0","kzz_stock_percent":"","pb":"0.0","benefit_before_tax":"0.0","benefit_after_tax":"0.0","convert_bond_ratio":"","totalissuescale":"","outstandingamt":"","maturitydate":"","remain_year":"","convertrate":"","interestrtmemo":"","release_date":"","circulation":"0.0","par_value":"0.0","due_time":"0.0","value_date":"","due_date":"","publisher":"","redeem_type":"T","issue_type":"","bond_type":"T","warrant":"","sale_rrg":"","rate":"","after_hour_vol":"0","float_shares":"0","float_market_capital":"0.0","disnext_pay_date":"","convert_rate":"","volume_ratio":"0.0","percent5m":"0.0","pankou_ratio":"20.0%","dividend_pay_date":"","ex_dividend_date":"","moving_avg_200_day":"8.32","chg_from_200_day_moving_avg":"-1.08","pct_chg_from_200_day_moving_avg":"-0.13","moving_avg_50_day":"8.32","chg_from_50_day_moving_avg":"-1.08","pct_chg_from_50_day_moving_avg":"-0.13","shares_outstanding":"4250000.0","ebitda":"0.0","short_ratio":"0.0","pe_estimate_next_year":"","peg_ratio":"0.0","eps_estimate_next_year":"","eps_estimate_next_quarter":"0.0","eps_estimate_current_quarter":"","psr":"","revenue":"","profit_margin":""},"WBAI":{"symbol":"WBAI","exchange":"NYSE","code":"WBAI","name":"500彩票网","current":"11.08","percentage":"0.45","change":"0.05","open":"11.29","high":"11.29","low":"11.08","close":"11.08","last_close":"11.03","high52week":"15.88","low52week":"5.22","volume":"5249.0","lot_volume":"5249.0","volumeAverage":"2860000","marketCapital":"4.6418533164E8","eps":"-1.07","pe_ttm":"","pe_lyr":"","beta":"1.5","totalShares":"41893983","time":"Fri Jul 26 15:59:44 -0400 2019","afterHours":"11.08","afterHoursPct":"0.0","afterHoursChg":"0.0","afterHoursTime":"Mon Jul 29 03:59:53 -0400 2019","updateAt":"1564387134754","dividend":"0.0","yield":"0.0","turnover_rate":"0.01%","instOwn":"19.0","rise_stop":"0.0","fall_stop":"0.0","currency_unit":"USD","amount":"73118.57","net_assets":"5.91","hasexist":"","has_warrant":"0","type":"1","flag":"1","rest_day":"","amplitude":"1.90%","market_status":"未开盘","lot_size":"1","min_order_quantity":"0","max_order_quantity":"0","tick_size":"0.01","variable_tick_size":"0.01","kzz_stock_symbol":"","kzz_stock_name":"","kzz_stock_current":"11.17","kzz_convert_price":"0.0","kzz_covert_value":"0.0","kzz_cpr":"0.0","kzz_putback_price":"0.0","kzz_convert_time":"","kzz_redempt_price":"0.0","kzz_straight_price":"0.0","kzz_stock_percent":"","pb":"1.59","benefit_before_tax":"0.0","benefit_after_tax":"0.0","convert_bond_ratio":"","totalissuescale":"","outstandingamt":"","maturitydate":"","remain_year":"","convertrate":"","interestrtmemo":"","release_date":"","circulation":"0.0","par_value":"0.0","due_time":"0.0","value_date":"","due_date":"","publisher":"","redeem_type":"T","issue_type":"","bond_type":"T","warrant":"","sale_rrg":"","rate":"","after_hour_vol":"0","float_shares":"15218000","float_market_capital":"1.4320138E8","disnext_pay_date":"","convert_rate":"","volume_ratio":"0.0","percent5m":"0.0","pankou_ratio":"-50.0%","dividend_pay_date":"","ex_dividend_date":"","moving_avg_200_day":"10.72","chg_from_200_day_moving_avg":"-1.31","pct_chg_from_200_day_moving_avg":"-0.1219","moving_avg_50_day":"11.05","chg_from_50_day_moving_avg":"-1.64","pct_chg_from_50_day_moving_avg":"-0.1481","shares_outstanding":"4.0767E7","ebitda":"-4.2E7","short_ratio":"13.19","pe_estimate_next_year":"","peg_ratio":"0.0","eps_estimate_next_year":"0.26","eps_estimate_next_quarter":"0.0","eps_estimate_current_quarter":"-0.39","psr":"61.56","revenue":"6810000.0","profit_margin":"-4.370030837004405"},"PETZ":{"symbol":"PETZ","exchange":"NASDAQ","code":"PETZ","name":"天地荟","current":"0.6799","percentage":"0.76","change":"0.0051","open":"0.66","high":"0.68","low":"0.66","close":"0.6799","last_close":"0.6748","high52week":"4.37","low52week":"0.44","volume":"2143776.0","lot_volume":"2143776.0","volumeAverage":"0","marketCapital":"6272077.5","eps":"-1.49","pe_ttm":"","pe_lyr":"67.48","beta":"0.0","totalShares":"9225000","time":"Fri Jul 26 15:49:05 -0400 2019","afterHours":"0.68","afterHoursPct":"0.0","afterHoursChg":"0.0","afterHoursTime":"Mon Jul 29 03:59:45 -0400 2019","updateAt":"1564387126629","dividend":"0.0","yield":"0.0","turnover_rate":"23.18%","instOwn":"0.0","rise_stop":"0.0","fall_stop":"0.0","currency_unit":"","amount":"6988709.76","net_assets":"0.0","hasexist":"","has_warrant":"0","type":"1","flag":"1","rest_day":"","amplitude":"2.96%","market_status":"未开盘","lot_size":"1","min_order_quantity":"0","max_order_quantity":"0","tick_size":"0.0001","variable_tick_size":"0.0001 1 0.01","kzz_stock_symbol":"","kzz_stock_name":"","kzz_stock_current":"0.67","kzz_convert_price":"0.0","kzz_covert_value":"0.0","kzz_cpr":"0.0","kzz_putback_price":"0.0","kzz_convert_time":"","kzz_redempt_price":"0.0","kzz_straight_price":"0.0","kzz_stock_percent":"","pb":"0.0","benefit_before_tax":"0.0","benefit_after_tax":"0.0","convert_bond_ratio":"","totalissuescale":"","outstandingamt":"","maturitydate":"","remain_year":"","convertrate":"","interestrtmemo":"","release_date":"","circulation":"0.0","par_value":"0.0","due_time":"0.0","value_date":"","due_date":"","publisher":"","redeem_type":"F","issue_type":"","bond_type":"T","warrant":"","sale_rrg":"","rate":"","after_hour_vol":"0","float_shares":"0","float_market_capital":"0.0","disnext_pay_date":"","convert_rate":"","volume_ratio":"0.0","percent5m":"0.0","pankou_ratio":"25.0%","dividend_pay_date":"","ex_dividend_date":"","moving_avg_200_day":"20.8074","chg_from_200_day_moving_avg":"-4.6439","pct_chg_from_200_day_moving_avg":"-0.223185","moving_avg_50_day":"20.8074","chg_from_50_day_moving_avg":"-4.6439","pct_chg_from_50_day_moving_avg":"-0.223185","shares_outstanding":"9225000.0","ebitda":"0.0","short_ratio":"0.0","pe_estimate_next_year":"","peg_ratio":"0.0","eps_estimate_next_year":"","eps_estimate_next_quarter":"0.0","eps_estimate_current_quarter":"","psr":"","revenue":"","profit_margin":""},"MOXC":{"symbol":"MOXC","exchange":"NASDAQ","code":"MOXC","name":"MOXIAN INC","current":"1.90","percentage":"5.56","change":"0.10","open":"1.84","high":"1.94","low":"1.84","close":"1.9","last_close":"1.8","high52week":"10.05","low52week":"1.0","volume":"5555.0","lot_volume":"5555.0","volumeAverage":"0","marketCapital":"2.42488E7","eps":"-0.08","pe_ttm":"","pe_lyr":"","beta":"1.46","totalShares":"13472000","time":"Fri Jul 26 14:17:32 -0400 2019","afterHours":"1.9","afterHoursPct":"0.0","afterHoursChg":"0.0","afterHoursTime":"Mon Jul 29 03:59:41 -0400 2019","updateAt":"1564387123302","dividend":"0.0","yield":"0.0","turnover_rate":"0.04%","instOwn":"0.0","rise_stop":"0.0","fall_stop":"0.0","currency_unit":"USD","amount":"9610.15","net_assets":"-0.002","hasexist":"","has_warrant":"0","type":"0","flag":"1","rest_day":"","amplitude":"3.33%","market_status":"未开盘","lot_size":"1","min_order_quantity":"0","max_order_quantity":"0","tick_size":"0.01","variable_tick_size":"0.0001 1 0.01","kzz_stock_symbol":"","kzz_stock_name":"","kzz_stock_current":"1.88","kzz_convert_price":"0.0","kzz_covert_value":"0.0","kzz_cpr":"0.0","kzz_putback_price":"0.0","kzz_convert_time":"","kzz_redempt_price":"0.0","kzz_straight_price":"0.0","kzz_stock_percent":"","pb":"-1210.0","benefit_before_tax":"0.0","benefit_after_tax":"0.0","convert_bond_ratio":"","totalissuescale":"","outstandingamt":"","maturitydate":"","remain_year":"","convertrate":"","interestrtmemo":"","release_date":"","circulation":"0.0","par_value":"0.0","due_time":"0.0","value_date":"","due_date":"","publisher":"","redeem_type":"F","issue_type":"","bond_type":"T","warrant":"","sale_rrg":"","rate":"","after_hour_vol":"0","float_shares":"883000","float_market_capital":"2136860.0","disnext_pay_date":"","convert_rate":"","volume_ratio":"0.0","percent5m":"0.0","pankou_ratio":"94.29%","dividend_pay_date":"","ex_dividend_date":"","moving_avg_200_day":"2.9643","chg_from_200_day_moving_avg":"-0.546","pct_chg_from_200_day_moving_avg":"-0.184178","moving_avg_50_day":"2.6536","chg_from_50_day_moving_avg":"-0.2353","pct_chg_from_50_day_moving_avg":"-0.08866500000000001","shares_outstanding":"6.7007E7","ebitda":"-8760000.0","short_ratio":"4.99","pe_estimate_next_year":"","peg_ratio":"0.0","eps_estimate_next_year":"","eps_estimate_next_quarter":"0.0","eps_estimate_current_quarter":"","psr":"3435.6926","revenue":"48758.0","profit_margin":"-320.2065507198819"},"SMI":{"symbol":"SMI","exchange":"NYSE","code":"SMI","name":"中芯国际","current":"5.41","percentage":"0.0","change":"0.00","open":"0.0","high":"0.0","low":"0.0","close":"5.41","last_close":"5.41","high52week":"7.37","low52week":"3.74","volume":"0.0","lot_volume":"0.0","volumeAverage":"69921","marketCapital":"5.033057709E9","eps":"0.3","pe_ttm":"18.0333","pe_lyr":"27.05","beta":"0.63","totalShares":"930324900","time":"Thu Jun 13 15:59:59 -0400 2019","afterHours":"5.41","afterHoursPct":"0.0","afterHoursChg":"0.0","afterHoursTime":"Mon Jul 29 03:59:49 -0400 2019","updateAt":"1564387130856","dividend":"0.0","yield":"0.0","turnover_rate":"","instOwn":"2.58","rise_stop":"0.0","fall_stop":"0.0","currency_unit":"USD","amount":"0.0","net_assets":"5.05","hasexist":"","has_warrant":"0","type":"1","flag":"1","rest_day":"","amplitude":"","market_status":"未开盘","lot_size":"1","min_order_quantity":"0","max_order_quantity":"0","tick_size":"0.01","variable_tick_size":"0.01","kzz_stock_symbol":"","kzz_stock_name":"","kzz_stock_current":"5.39","kzz_convert_price":"0.0","kzz_covert_value":"0.0","kzz_cpr":"0.0","kzz_putback_price":"0.0","kzz_convert_time":"","kzz_redempt_price":"0.0","kzz_straight_price":"0.0","kzz_stock_percent":"","pb":"1.5","benefit_before_tax":"0.0","benefit_after_tax":"0.0","convert_bond_ratio":"","totalissuescale":"","outstandingamt":"","maturitydate":"","remain_year":"","convertrate":"","interestrtmemo":"","release_date":"","circulation":"0.0","par_value":"0.0","due_time":"0.0","value_date":"","due_date":"","publisher":"","redeem_type":"T","issue_type":"","bond_type":"T","warrant":"","sale_rrg":"","rate":"","after_hour_vol":"0","float_shares":"632368000","float_market_capital":"4.79967312E9","disnext_pay_date":"","convert_rate":"","volume_ratio":"0.0","percent5m":"0.0","pankou_ratio":"60.0%","dividend_pay_date":"","ex_dividend_date":"","moving_avg_200_day":"5.56","chg_from_200_day_moving_avg":"2.03","pct_chg_from_200_day_moving_avg":"0.3653","moving_avg_50_day":"6.0","chg_from_50_day_moving_avg":"1.59","pct_chg_from_50_day_moving_avg":"0.2644","shares_outstanding":"1.1E9","ebitda":"1.14E9","short_ratio":"3.2","pe_estimate_next_year":"36.14","peg_ratio":"-6.59","eps_estimate_next_year":"0.21","eps_estimate_next_quarter":"0.06","eps_estimate_current_quarter":"0.14","psr":"2.56","revenue":"3.13E9","profit_margin":"0.1194888178913738"},"SINA":{"symbol":"SINA","exchange":"NASDAQ","code":"SINA","name":"新浪","current":"40.33","percentage":"-0.1","change":"-0.04","open":"40.65","high":"40.75","low":"40.03","close":"40.33","last_close":"40.37","high52week":"85.05","low52week":"38.84","volume":"460588.0","lot_volume":"460588.0","volumeAverage":"1170000","marketCapital":"2.884187851E9","eps":"3.01","pe_ttm":"13.3987","pe_lyr":"18.3706","beta":"1.39","totalShares":"71514700","time":"Fri Jul 26 15:59:59 -0400 2019","afterHours":"40.33","afterHoursPct":"0.0","afterHoursChg":"0.0","afterHoursTime":"Mon Jul 29 03:59:49 -0400 2019","updateAt":"1564387130634","dividend":"0.0","yield":"0.0","turnover_rate":"0.64%","instOwn":"82.76","rise_stop":"0.0","fall_stop":"0.0","currency_unit":"USD","amount":"3.695758112E7","net_assets":"37.64","hasexist":"","has_warrant":"0","type":"1","flag":"1","rest_day":"","amplitude":"1.78%","market_status":"未开盘","lot_size":"1","min_order_quantity":"0","max_order_quantity":"0","tick_size":"0.01","variable_tick_size":"0.0001 1 0.01","kzz_stock_symbol":"","kzz_stock_name":"","kzz_stock_current":"40.35","kzz_convert_price":"0.0","kzz_covert_value":"0.0","kzz_cpr":"0.0","kzz_putback_price":"0.0","kzz_convert_time":"","kzz_redempt_price":"0.0","kzz_straight_price":"0.0","kzz_stock_percent":"","pb":"2.86","benefit_before_tax":"0.0","benefit_after_tax":"0.0","convert_bond_ratio":"","totalissuescale":"","outstandingamt":"","maturitydate":"","remain_year":"","convertrate":"","interestrtmemo":"","release_date":"","circulation":"0.0","par_value":"0.0","due_time":"0.0","value_date":"","due_date":"","publisher":"","redeem_type":"T","issue_type":"","bond_type":"T","warrant":"","sale_rrg":"","rate":"","after_hour_vol":"0","float_shares":"61294000","float_market_capital":"6.5982991E9","disnext_pay_date":"","convert_rate":"","volume_ratio":"0.0","percent5m":"0.0","pankou_ratio":"50.0%","dividend_pay_date":"","ex_dividend_date":"","moving_avg_200_day":"97.19","chg_from_200_day_moving_avg":"10.46","pct_chg_from_200_day_moving_avg":"0.1076","moving_avg_50_day":"113.52","chg_from_50_day_moving_avg":"-5.87","pct_chg_from_50_day_moving_avg":"-0.051699999999999996","shares_outstanding":"7.1196E7","ebitda":"2.65149999E8","short_ratio":"0.85","pe_estimate_next_year":"26.98","peg_ratio":"-1.78","eps_estimate_next_year":"3.99","eps_estimate_next_quarter":"0.9","eps_estimate_current_quarter":"2.94","psr":"6.12","revenue":"1.23E9","profit_margin":"0.17654292682926828"},"SORL":{"symbol":"SORL","exchange":"NASDAQ","code":"SORL","name":"瑞立集团","current":"3.36","percentage":"-0.3","change":"-0.01","open":"3.43","high":"3.43","low":"0.0","close":"3.36","last_close":"3.37","high52week":"5.67","low52week":"1.77","volume":"0.0","lot_volume":"0.0","volumeAverage":"25304","marketCapital":"6.486453456E7","eps":"1.27","pe_ttm":"2.6457","pe_lyr":"2.7027","beta":"2.37","totalShares":"19304921","time":"Fri Jul 12 10:48:13 -0400 2019","afterHours":"3.36","afterHoursPct":"0.0","afterHoursChg":"0.0","afterHoursTime":"Mon Jul 29 03:59:49 -0400 2019","updateAt":"1564387131228","dividend":"0.0","yield":"0.0","turnover_rate":"","instOwn":"9.97","rise_stop":"0.0","fall_stop":"0.0","currency_unit":"USD","amount":"0.0","net_assets":"8.06","hasexist":"","has_warrant":"0","type":"1","flag":"1","rest_day":"","amplitude":"","market_status":"未开盘","lot_size":"1","min_order_quantity":"0","max_order_quantity":"0","tick_size":"0.01","variable_tick_size":"0.0001 1 0.01","kzz_stock_symbol":"","kzz_stock_name":"","kzz_stock_current":"3.75","kzz_convert_price":"0.0","kzz_covert_value":"0.0","kzz_cpr":"0.0","kzz_putback_price":"0.0","kzz_convert_time":"","kzz_redempt_price":"0.0","kzz_straight_price":"0.0","kzz_stock_percent":"","pb":"0.58","benefit_before_tax":"0.0","benefit_after_tax":"0.0","convert_bond_ratio":"","totalissuescale":"","outstandingamt":"","maturitydate":"","remain_year":"","convertrate":"","interestrtmemo":"","release_date":"","circulation":"0.0","par_value":"0.0","due_time":"0.0","value_date":"","due_date":"","publisher":"","redeem_type":"F","issue_type":"","bond_type":"T","warrant":"","sale_rrg":"","rate":"","after_hour_vol":"0","float_shares":"7945000","float_market_capital":"3.71826E7","disnext_pay_date":"","convert_rate":"","volume_ratio":"0.0","percent5m":"0.0","pankou_ratio":"-33.33%","dividend_pay_date":"","ex_dividend_date":"","moving_avg_200_day":"5.79","chg_from_200_day_moving_avg":"-1.11","pct_chg_from_200_day_moving_avg":"-0.19140000000000001","moving_avg_50_day":"4.46","chg_from_50_day_moving_avg":"0.22","pct_chg_from_50_day_moving_avg":"0.048499999999999995","shares_outstanding":"1.9304E7","ebitda":"4.081E7","short_ratio":"2.34","pe_estimate_next_year":"3.44","peg_ratio":"0.73","eps_estimate_next_year":"1.36","eps_estimate_next_quarter":"0.41","eps_estimate_current_quarter":"1.26","psr":"0.3","revenue":"3.0886E8","profit_margin":"0.07875101987955709"},"SINO":{"symbol":"SINO","exchange":"NASDAQ","code":"SINO","name":"中环球船务","current":"0.6900","percentage":"4.53","change":"0.0299","open":"0.691","high":"0.6993","low":"0.662","close":"0.69","last_close":"0.6601","high52week":"1.6","low52week":"0.64","volume":"28845.0","lot_volume":"28845.0","volumeAverage":"24039","marketCapital":"1.02932E7","eps":"-0.36","pe_ttm":"","pe_lyr":"16.5025","beta":"2.49","totalShares":"15596000","time":"Fri Jul 26 15:59:44 -0400 2019","afterHours":"0.69","afterHoursPct":"0.0","afterHoursChg":"0.0","afterHoursTime":"Mon Jul 29 03:59:49 -0400 2019","updateAt":"1564387130637","dividend":"0.0","yield":"0.0","turnover_rate":"0.18%","instOwn":"1.0","rise_stop":"0.0","fall_stop":"0.0","currency_unit":"USD","amount":"33748.65","net_assets":"1.93","hasexist":"","has_warrant":"0","type":"1","flag":"1","rest_day":"","amplitude":"5.65%","market_status":"未开盘","lot_size":"1","min_order_quantity":"0","max_order_quantity":"0","tick_size":"0.0001","variable_tick_size":"0.0001 1 0.01","kzz_stock_symbol":"","kzz_stock_name":"","kzz_stock_current":"0.69","kzz_convert_price":"0.0","kzz_covert_value":"0.0","kzz_cpr":"0.0","kzz_putback_price":"0.0","kzz_convert_time":"","kzz_redempt_price":"0.0","kzz_straight_price":"0.0","kzz_stock_percent":"","pb":"1.41","benefit_before_tax":"0.0","benefit_after_tax":"0.0","convert_bond_ratio":"","totalissuescale":"","outstandingamt":"","maturitydate":"","remain_year":"","convertrate":"","interestrtmemo":"","release_date":"","circulation":"0.0","par_value":"0.0","due_time":"0.0","value_date":"","due_date":"","publisher":"","redeem_type":"F","issue_type":"","bond_type":"T","warrant":"","sale_rrg":"","rate":"","after_hour_vol":"0","float_shares":"6130000","float_market_capital":"1.67349E7","disnext_pay_date":"","convert_rate":"","volume_ratio":"0.0","percent5m":"0.0","pankou_ratio":"66.67%","dividend_pay_date":"","ex_dividend_date":"","moving_avg_200_day":"3.03","chg_from_200_day_moving_avg":"-0.3","pct_chg_from_200_day_moving_avg":"-0.0975","moving_avg_50_day":"3.06","chg_from_50_day_moving_avg":"-0.33","pct_chg_from_50_day_moving_avg":"-0.1066","shares_outstanding":"1.0105E7","ebitda":"3340000.0","short_ratio":"6.29","pe_estimate_next_year":"","peg_ratio":"0.0","eps_estimate_next_year":"","eps_estimate_next_quarter":"0.0","eps_estimate_current_quarter":"","psr":"2.42","revenue":"1.145E7","profit_margin":"0.36183842794759824"},"SYMX":{"symbol":"SYMX","exchange":"NASDAQ","code":"SYMX","name":"Synthesis Energy Systems, Inc.","current":"0.3800","percentage":"0.0","change":"0.0000","open":"0.0","high":"0.0","low":"0.0","close":"0.38","last_close":"0.38","high52week":"1.28","low52week":"0.32","volume":"0.0","lot_volume":"0.0","volumeAverage":"96716","marketCapital":"3.4054E7","eps":"-0.32","pe_ttm":"","pe_lyr":"","beta":"0.45","totalShares":"87542000","time":"Sun Dec 01 16:00:01 -0500 2019","afterHours":"0.38","afterHoursPct":"0.0","afterHoursChg":"0.0","afterHoursTime":"Mon Jul 29 03:59:50 -0400 2019","updateAt":"1564387131906","dividend":"0.0","yield":"0.0","turnover_rate":"","instOwn":"14.0","rise_stop":"0.0","fall_stop":"0.0","currency_unit":"USD","amount":"0.0","net_assets":"0.39","hasexist":"","has_warrant":"0","type":"0","flag":"1","rest_day":"","amplitude":"","market_status":"未开盘","lot_size":"1","min_order_quantity":"0","max_order_quantity":"0","tick_size":"0.0001","variable_tick_size":"0.0001 1 0.01","kzz_stock_symbol":"","kzz_stock_name":"","kzz_stock_current":"0.37","kzz_convert_price":"0.0","kzz_covert_value":"0.0","kzz_cpr":"0.0","kzz_putback_price":"0.0","kzz_convert_time":"","kzz_redempt_price":"0.0","kzz_straight_price":"0.0","kzz_stock_percent":"","pb":"1.13","benefit_before_tax":"0.0","benefit_after_tax":"0.0","convert_bond_ratio":"","totalissuescale":"","outstandingamt":"","maturitydate":"","remain_year":"","convertrate":"","interestrtmemo":"","release_date":"","circulation":"0.0","par_value":"0.0","due_time":"0.0","value_date":"","due_date":"","publisher":"","redeem_type":"T","issue_type":"","bond_type":"F","warrant":"","sale_rrg":"","rate":"","after_hour_vol":"0","float_shares":"62856000","float_market_capital":"2.765664E7","disnext_pay_date":"","convert_rate":"","volume_ratio":"0.0","percent5m":"0.0","pankou_ratio":"-71.43%","dividend_pay_date":"","ex_dividend_date":"","moving_avg_200_day":"0.58","chg_from_200_day_moving_avg":"-0.14","pct_chg_from_200_day_moving_avg":"-0.2357","moving_avg_50_day":"0.47","chg_from_50_day_moving_avg":"-0.03","pct_chg_from_50_day_moving_avg":"-0.0721","shares_outstanding":"8.731E7","ebitda":"-1.242E7","short_ratio":"3.67","pe_estimate_next_year":"","peg_ratio":"0.0","eps_estimate_next_year":"","eps_estimate_next_quarter":"0.0","eps_estimate_current_quarter":"-0.12","psr":"6.78","revenue":"5670000.0","profit_margin":"-3.0797178130511464"},"SVA":{"symbol":"SVA","exchange":"NASDAQ","code":"SVA","name":"科兴生物","current":"6.47","percentage":"0.0","change":"0.00","open":"0.0","high":"0.0","low":"0.0","close":"6.47","last_close":"6.47","high52week":"7.95","low52week":"5.73","volume":"0.0","lot_volume":"0.0","volumeAverage":"74112","marketCapital":"3.68866346E8","eps":"-0.02","pe_ttm":"","pe_lyr":"14.3778","beta":"0.3","totalShares":"57011800","time":"Fri Feb 22 15:19:04 -0500 2019","afterHours":"6.47","afterHoursPct":"0.0","afterHoursChg":"0.0","afterHoursTime":"Mon Jul 29 03:59:50 -0400 2019","updateAt":"1564387131804","dividend":"0.0","yield":"0.0","turnover_rate":"","instOwn":"34.0","rise_stop":"0.0","fall_stop":"0.0","currency_unit":"USD","amount":"0.0","net_assets":"2.02","hasexist":"","has_warrant":"0","type":"1","flag":"1","rest_day":"","amplitude":"","market_status":"未开盘","lot_size":"1","min_order_quantity":"0","max_order_quantity":"0","tick_size":"0.01","variable_tick_size":"0.0001 1 0.01","kzz_stock_symbol":"","kzz_stock_name":"","kzz_stock_current":"6.49","kzz_convert_price":"0.0","kzz_covert_value":"0.0","kzz_cpr":"0.0","kzz_putback_price":"0.0","kzz_convert_time":"","kzz_redempt_price":"0.0","kzz_straight_price":"0.0","kzz_stock_percent":"","pb":"3.56","benefit_before_tax":"0.0","benefit_after_tax":"0.0","convert_bond_ratio":"","totalissuescale":"","outstandingamt":"","maturitydate":"","remain_year":"","convertrate":"","interestrtmemo":"","release_date":"","circulation":"0.0","par_value":"0.0","due_time":"0.0","value_date":"","due_date":"","publisher":"","redeem_type":"F","issue_type":"0","bond_type":"T","warrant":"","sale_rrg":"0","rate":"","after_hour_vol":"0","float_shares":"27351000","float_market_capital":"1.969272E8","disnext_pay_date":"","convert_rate":"","volume_ratio":"0.0","percent5m":"0.0","pankou_ratio":"50.0%","dividend_pay_date":"","ex_dividend_date":"","moving_avg_200_day":"6.33","chg_from_200_day_moving_avg":"0.87","pct_chg_from_200_day_moving_avg":"0.13720000000000002","moving_avg_50_day":"6.99","chg_from_50_day_moving_avg":"0.21","pct_chg_from_50_day_moving_avg":"0.0298","shares_outstanding":"5.6968E7","ebitda":"-837000.0","short_ratio":"1.53","pe_estimate_next_year":"","peg_ratio":"0.0","eps_estimate_next_year":"0.05","eps_estimate_next_quarter":"0.0","eps_estimate_current_quarter":"-0.05","psr":"6.29","revenue":"6.4019999E7","profit_margin":"-0.07118775493889026"},"WINS":{"symbol":"WINS","exchange":"NASDAQ","code":"WINS","name":"稳盛金融","current":"14.33","percentage":"0.0","change":"0.00","open":"0.0","high":"0.0","low":"0.0","close":"14.33","last_close":"14.33","high52week":"152.42","low52week":"13.7","volume":"0.0","lot_volume":"0.0","volumeAverage":"0","marketCapital":"2.842734E8","eps":"0.53","pe_ttm":"27.0377","pe_lyr":"27.0377","beta":"2.33","totalShares":"19838000","time":"Tue Jul 23 10:28:55 -0400 2019","afterHours":"14.33","afterHoursPct":"0.0","afterHoursChg":"0.0","afterHoursTime":"Mon Jul 29 03:59:53 -0400 2019","updateAt":"1564387134959","dividend":"0.0","yield":"0.0","turnover_rate":"","instOwn":"0.0","rise_stop":"0.0","fall_stop":"0.0","currency_unit":"USD","amount":"0.0","net_assets":"12.22","hasexist":"","has_warrant":"0","type":"1","flag":"1","rest_day":"","amplitude":"","market_status":"未开盘","lot_size":"1","min_order_quantity":"0","max_order_quantity":"0","tick_size":"0.01","variable_tick_size":"0.0001 1 0.01","kzz_stock_symbol":"","kzz_stock_name":"","kzz_stock_current":"14.33","kzz_convert_price":"0.0","kzz_covert_value":"0.0","kzz_cpr":"0.0","kzz_putback_price":"0.0","kzz_convert_time":"","kzz_redempt_price":"0.0","kzz_straight_price":"0.0","kzz_stock_percent":"","pb":"16.78","benefit_before_tax":"0.0","benefit_after_tax":"0.0","convert_bond_ratio":"","totalissuescale":"","outstandingamt":"","maturitydate":"","remain_year":"","convertrate":"","interestrtmemo":"","release_date":"","circulation":"0.0","par_value":"0.0","due_time":"0.0","value_date":"","due_date":"","publisher":"","redeem_type":"F","issue_type":"0","bond_type":"T","warrant":"","sale_rrg":"0","rate":"","after_hour_vol":"0","float_shares":"16052000","float_market_capital":"3.29082052E9","disnext_pay_date":"","convert_rate":"","volume_ratio":"0.0","percent5m":"0.0","pankou_ratio":"81.82%","dividend_pay_date":"","ex_dividend_date":"","moving_avg_200_day":"162.74","chg_from_200_day_moving_avg":"42.27","pct_chg_from_200_day_moving_avg":"0.2597","moving_avg_50_day":"205.01","chg_from_50_day_moving_avg":"0.0","pct_chg_from_50_day_moving_avg":"0.0","shares_outstanding":"1.9837E7","ebitda":"1.928E7","short_ratio":"4.78","pe_estimate_next_year":"","peg_ratio":"0.0","eps_estimate_next_year":"","eps_estimate_next_quarter":"0.0","eps_estimate_current_quarter":"0.25","psr":"70.3","revenue":"2.286E7","profit_margin":"0.6768530183727034"},"TANH":{"symbol":"TANH","exchange":"NASDAQ","code":"TANH","name":"碳博士控股","current":"1.47","percentage":"0.68","change":"0.01","open":"1.46","high":"1.47","low":"1.45","close":"1.47","last_close":"1.46","high52week":"1.94","low52week":"1.42","volume":"56444.0","lot_volume":"56444.0","volumeAverage":"100147","marketCapital":"4.21257E7","eps":"0.07","pe_ttm":"20.8571","pe_lyr":"9.7333","beta":"-1.18","totalShares":"28853000","time":"Fri Jul 26 15:46:58 -0400 2019","afterHours":"1.47","afterHoursPct":"0.0","afterHoursChg":"0.0","afterHoursTime":"Mon Jul 29 03:59:50 -0400 2019","updateAt":"1564387131983","dividend":"0.0","yield":"0.0","turnover_rate":"0.20%","instOwn":"0.0","rise_stop":"0.0","fall_stop":"0.0","currency_unit":"USD","amount":"84666.0","net_assets":"3.3","hasexist":"","has_warrant":"0","type":"1","flag":"1","rest_day":"","amplitude":"1.37%","market_status":"未开盘","lot_size":"1","min_order_quantity":"0","max_order_quantity":"0","tick_size":"0.01","variable_tick_size":"0.0001 1 0.01","kzz_stock_symbol":"","kzz_stock_name":"","kzz_stock_current":"1.45","kzz_convert_price":"0.0","kzz_covert_value":"0.0","kzz_cpr":"0.0","kzz_putback_price":"0.0","kzz_convert_time":"","kzz_redempt_price":"0.0","kzz_straight_price":"0.0","kzz_stock_percent":"","pb":"0.85","benefit_before_tax":"0.0","benefit_after_tax":"0.0","convert_bond_ratio":"","totalissuescale":"","outstandingamt":"","maturitydate":"","remain_year":"","convertrate":"","interestrtmemo":"","release_date":"","circulation":"0.0","par_value":"0.0","due_time":"0.0","value_date":"","due_date":"","publisher":"","redeem_type":"F","issue_type":"0","bond_type":"T","warrant":"","sale_rrg":"0","rate":"","after_hour_vol":"0","float_shares":"10564000","float_market_capital":"2.95792E7","disnext_pay_date":"","convert_rate":"","volume_ratio":"0.0","percent5m":"0.0","pankou_ratio":"42.86%","dividend_pay_date":"","ex_dividend_date":"","moving_avg_200_day":"3.2","chg_from_200_day_moving_avg":"-0.4","pct_chg_from_200_day_moving_avg":"-0.1261","moving_avg_50_day":"3.19","chg_from_50_day_moving_avg":"-0.39","pct_chg_from_50_day_moving_avg":"-0.1225","shares_outstanding":"2.4311E7","ebitda":"7660000.0","short_ratio":"0.24","pe_estimate_next_year":"","peg_ratio":"0.0","eps_estimate_next_year":"","eps_estimate_next_quarter":"0.0","eps_estimate_current_quarter":"","psr":"1.41","revenue":"4.767E7","profit_margin":"0.09689720998531572"},"NQ":{"symbol":"NQ","exchange":"NYSE","code":"NQ","name":"网秦","current":"2.20","percentage":"0.0","change":"0.00","open":"0.0","high":"0.0","low":"0.0","close":"2.2","last_close":"2.2","high52week":"4.68","low52week":"1.58","volume":"0.0","lot_volume":"0.0","volumeAverage":"989250","marketCapital":"2.150181E8","eps":"-2.29","pe_ttm":"","pe_lyr":"","beta":"1.53","totalShares":"97735500","time":"Wed Mar 13 15:59:59 -0400 2019","afterHours":"2.2","afterHoursPct":"0.0","afterHoursChg":"0.0","afterHoursTime":"Mon Jul 29 03:59:43 -0400 2019","updateAt":"1564387124750","dividend":"0.0","yield":"0.0","turnover_rate":"","instOwn":"3.0","rise_stop":"0.0","fall_stop":"0.0","currency_unit":"USD","amount":"0.0","net_assets":"3.87","hasexist":"","has_warrant":"0","type":"1","flag":"3","rest_day":"","amplitude":"","market_status":"未开盘","lot_size":"1","min_order_quantity":"0","max_order_quantity":"0","tick_size":"0.01","variable_tick_size":"","kzz_stock_symbol":"","kzz_stock_name":"","kzz_stock_current":"2.23","kzz_convert_price":"0.0","kzz_covert_value":"0.0","kzz_cpr":"0.0","kzz_putback_price":"0.0","kzz_convert_time":"","kzz_redempt_price":"0.0","kzz_straight_price":"0.0","kzz_stock_percent":"","pb":"0.95","benefit_before_tax":"0.0","benefit_after_tax":"0.0","convert_bond_ratio":"","totalissuescale":"","outstandingamt":"","maturitydate":"","remain_year":"","convertrate":"","interestrtmemo":"","release_date":"","circulation":"0.0","par_value":"0.0","due_time":"0.0","value_date":"","due_date":"","publisher":"","redeem_type":"F","issue_type":"","bond_type":"F","warrant":"","sale_rrg":"","rate":"","after_hour_vol":"0","float_shares":"97246000","float_market_capital":"3.5786528E8","disnext_pay_date":"","convert_rate":"","volume_ratio":"0.0","percent5m":"0.0","pankou_ratio":"94.17%","dividend_pay_date":"","ex_dividend_date":"","moving_avg_200_day":"3.54","chg_from_200_day_moving_avg":"0.14","pct_chg_from_200_day_moving_avg":"0.0405","moving_avg_50_day":"3.56","chg_from_50_day_moving_avg":"0.12","pct_chg_from_50_day_moving_avg":"0.0333","shares_outstanding":"1.07806E8","ebitda":"2270000.0","short_ratio":"13.5","pe_estimate_next_year":"","peg_ratio":"0.0","eps_estimate_next_year":"0.46","eps_estimate_next_quarter":"0.0","eps_estimate_current_quarter":"0.23","psr":"1.24","revenue":"3.4305E8","profit_margin":"-0.4053920419763883"},"NTP":{"symbol":"NTP","exchange":"NYSE","code":"NTP","name":"南太地产","current":"10.37","percentage":"1.37","change":"0.14","open":"10.17","high":"10.37","low":"0.0","close":"10.37","last_close":"10.23","high52week":"10.8","low52week":"8.24","volume":"0.0","lot_volume":"0.0","volumeAverage":"208452","marketCapital":"3.907184E8","eps":"-0.47","pe_ttm":"","pe_lyr":"93.0","beta":"0.07","totalShares":"38193000","time":"Fri Jul 12 10:49:31 -0400 2019","afterHours":"10.37","afterHoursPct":"0.0","afterHoursChg":"0.0","afterHoursTime":"Mon Jul 29 03:59:43 -0400 2019","updateAt":"1564387124995","dividend":"0.28","yield":"3.16","turnover_rate":"","instOwn":"29.24","rise_stop":"0.0","fall_stop":"0.0","currency_unit":"USD","amount":"0.0","net_assets":"6.68","hasexist":"","has_warrant":"0","type":"1","flag":"1","rest_day":"","amplitude":"","market_status":"未开盘","lot_size":"1","min_order_quantity":"0","max_order_quantity":"0","tick_size":"0.01","variable_tick_size":"0.01","kzz_stock_symbol":"","kzz_stock_name":"","kzz_stock_current":"10.16","kzz_convert_price":"0.0","kzz_covert_value":"0.0","kzz_cpr":"0.0","kzz_putback_price":"0.0","kzz_convert_time":"","kzz_redempt_price":"0.0","kzz_straight_price":"0.0","kzz_stock_percent":"","pb":"1.81","benefit_before_tax":"0.0","benefit_after_tax":"0.0","convert_bond_ratio":"","totalissuescale":"","outstandingamt":"","maturitydate":"","remain_year":"","convertrate":"","interestrtmemo":"","release_date":"","circulation":"0.0","par_value":"0.0","due_time":"0.0","value_date":"","due_date":"","publisher":"","redeem_type":"F","issue_type":"0","bond_type":"T","warrant":"","sale_rrg":"0","rate":"","after_hour_vol":"0","float_shares":"22033000","float_market_capital":"2.665993E8","disnext_pay_date":"","convert_rate":"","volume_ratio":"0.0","percent5m":"0.0","pankou_ratio":"-66.67%","dividend_pay_date":"Fri Oct 20 00:00:00 CST 2017","ex_dividend_date":"Thu Sep 28 00:00:00 CST 2017","moving_avg_200_day":"9.5","chg_from_200_day_moving_avg":"2.6","pct_chg_from_200_day_moving_avg":"0.2732","moving_avg_50_day":"11.3","chg_from_50_day_moving_avg":"0.8","pct_chg_from_50_day_moving_avg":"0.0712","shares_outstanding":"3.6575E7","ebitda":"-6520000.0","short_ratio":"1.54","pe_estimate_next_year":"","peg_ratio":"0.0","eps_estimate_next_year":"","eps_estimate_next_quarter":"0.0","eps_estimate_current_quarter":"","psr":"190.49","revenue":"2350000.0","profit_margin":"-1.2451063829787234"},"SVM":{"symbol":"SVM","exchange":"AMEX","code":"SVM","name":"希尔威","current":"3.16","percentage":"1.61","change":"0.05","open":"3.09","high":"3.17","low":"0.0","close":"3.16","last_close":"3.11","high52week":"3.2","low52week":"1.83","volume":"0.0","lot_volume":"0.0","volumeAverage":"832649","marketCapital":"5.3983483328E8","eps":"-0.15","pe_ttm":"","pe_lyr":"11.4858","beta":"1.36","totalShares":"170833808","time":"Fri Jul 12 11:12:50 -0400 2019","afterHours":"3.16","afterHoursPct":"0.0","afterHoursChg":"0.0","afterHoursTime":"Mon Jul 29 03:59:50 -0400 2019","updateAt":"1564387131812","dividend":"0.025","yield":"0.8","turnover_rate":"","instOwn":"27.25","rise_stop":"0.0","fall_stop":"0.0","currency_unit":"USD","amount":"0.0","net_assets":"1.66","hasexist":"","has_warrant":"0","type":"1","flag":"1","rest_day":"","amplitude":"","market_status":"未开盘","lot_size":"1","min_order_quantity":"0","max_order_quantity":"0","tick_size":"0.01","variable_tick_size":"0.01","kzz_stock_symbol":"","kzz_stock_name":"","kzz_stock_current":"2.47","kzz_convert_price":"0.0","kzz_covert_value":"0.0","kzz_cpr":"0.0","kzz_putback_price":"0.0","kzz_convert_time":"","kzz_redempt_price":"0.0","kzz_straight_price":"0.0","kzz_stock_percent":"","pb":"1.53","benefit_before_tax":"0.0","benefit_after_tax":"0.0","convert_bond_ratio":"","totalissuescale":"","outstandingamt":"","maturitydate":"","remain_year":"","convertrate":"","interestrtmemo":"","release_date":"","circulation":"0.0","par_value":"0.0","due_time":"0.0","value_date":"","due_date":"","publisher":"","redeem_type":"T","issue_type":"","bond_type":"T","warrant":"","sale_rrg":"","rate":"","after_hour_vol":"0","float_shares":"161955000","float_market_capital":"4.113657E8","disnext_pay_date":"","convert_rate":"","volume_ratio":"0.0","percent5m":"0.0","pankou_ratio":"-20.0%","dividend_pay_date":"Fri Jun 30 00:00:00 CST 2017","ex_dividend_date":"Wed Jun 07 00:00:00 CST 2017","moving_avg_200_day":"2.89","chg_from_200_day_moving_avg":"-0.35","pct_chg_from_200_day_moving_avg":"-0.12","moving_avg_50_day":"2.76","chg_from_50_day_moving_avg":"-0.22","pct_chg_from_50_day_moving_avg":"-0.0801","shares_outstanding":"1.67892E8","ebitda":"9.153E7","short_ratio":"1.44","pe_estimate_next_year":"","peg_ratio":"0.0","eps_estimate_next_year":"0.19","eps_estimate_next_quarter":"0.0","eps_estimate_current_quarter":"0.03","psr":"2.55","revenue":"1.679E8","profit_margin":"0.2799866587254318"},"WB":{"symbol":"WB","exchange":"NASDAQ","code":"WB","name":"微博","current":"40.07","percentage":"-0.42","change":"-0.17","open":"40.63","high":"40.65","low":"39.57","close":"40.07","last_close":"40.24","high52week":"90.0","low52week":"39.01","volume":"1448131.0","lot_volume":"1448131.0","volumeAverage":"539520","marketCapital":"8.86416519E9","eps":"1.6","pe_ttm":"25.0438","pe_lyr":"25.1109","beta":"2.23","totalShares":"221217000","time":"Fri Jul 26 15:59:59 -0400 2019","afterHours":"40.07","afterHoursPct":"0.0","afterHoursChg":"0.0","afterHoursTime":"Mon Jul 29 03:59:53 -0400 2019","updateAt":"1564387134748","dividend":"0.0","yield":"0.0","turnover_rate":"0.65%","instOwn":"7.0","rise_stop":"0.0","fall_stop":"0.0","currency_unit":"USD","amount":"1.194708075E8","net_assets":"0.0","hasexist":"","has_warrant":"0","type":"1","flag":"1","rest_day":"","amplitude":"2.68%","market_status":"未开盘","lot_size":"1","min_order_quantity":"0","max_order_quantity":"0","tick_size":"0.01","variable_tick_size":"0.0001 1 0.01","kzz_stock_symbol":"","kzz_stock_name":"","kzz_stock_current":"40.14","kzz_convert_price":"0.0","kzz_covert_value":"0.0","kzz_cpr":"0.0","kzz_putback_price":"0.0","kzz_convert_time":"","kzz_redempt_price":"0.0","kzz_straight_price":"0.0","kzz_stock_percent":"","pb":"22.06","benefit_before_tax":"0.0","benefit_after_tax":"0.0","convert_bond_ratio":"","totalissuescale":"","outstandingamt":"","maturitydate":"","remain_year":"","convertrate":"","interestrtmemo":"","release_date":"","circulation":"0.0","par_value":"0.0","due_time":"0.0","value_date":"","due_date":"","publisher":"","redeem_type":"T","issue_type":"","bond_type":"T","warrant":"","sale_rrg":"","rate":"","after_hour_vol":"0","float_shares":"0","float_market_capital":"3.1711521E9","disnext_pay_date":"","convert_rate":"","volume_ratio":"0.0","percent5m":"0.0","pankou_ratio":"-86.67%","dividend_pay_date":"","ex_dividend_date":"","moving_avg_200_day":"0.0","chg_from_200_day_moving_avg":"92.65","pct_chg_from_200_day_moving_avg":"","moving_avg_50_day":"0.0","chg_from_50_day_moving_avg":"92.65","pct_chg_from_50_day_moving_avg":"","shares_outstanding":"","ebitda":"0.0","short_ratio":"0.0","pe_estimate_next_year":"","peg_ratio":"0.0","eps_estimate_next_year":"2.58","eps_estimate_next_quarter":"0.0","eps_estimate_current_quarter":"1.64","psr":"","revenue":"","profit_margin":"0.21414272144383756"},"PTR":{"symbol":"PTR","exchange":"NYSE","code":"PTR","name":"中石油","current":"54.04","percentage":"-0.06","change":"-0.03","open":"54.36","high":"54.45","low":"0.0","close":"54.04","last_close":"54.07","high52week":"83.24","low52week":"53.86","volume":"0.0","lot_volume":"0.0","volumeAverage":"131769","marketCapital":"9.890453640312E10","eps":"1.56","pe_ttm":"34.641","pe_lyr":"29.8432","beta":"1.18","totalShares":"1830209778","time":"Fri Jul 12 11:07:05 -0400 2019","afterHours":"54.04","afterHoursPct":"0.0","afterHoursChg":"0.0","afterHoursTime":"Mon Jul 29 03:59:46 -0400 2019","updateAt":"1564387127874","dividend":"1.677","yield":"3.1","turnover_rate":"","instOwn":"34.34","rise_stop":"0.0","fall_stop":"0.0","currency_unit":"USD","amount":"0.0","net_assets":"98.5","hasexist":"","has_warrant":"0","type":"1","flag":"1","rest_day":"","amplitude":"","market_status":"未开盘","lot_size":"1","min_order_quantity":"0","max_order_quantity":"0","tick_size":"0.01","variable_tick_size":"0.01","kzz_stock_symbol":"","kzz_stock_name":"","kzz_stock_current":"54.76","kzz_convert_price":"0.0","kzz_covert_value":"0.0","kzz_cpr":"0.0","kzz_putback_price":"0.0","kzz_convert_time":"","kzz_redempt_price":"0.0","kzz_straight_price":"0.0","kzz_stock_percent":"","pb":"0.66","benefit_before_tax":"0.0","benefit_after_tax":"0.0","convert_bond_ratio":"","totalissuescale":"","outstandingamt":"","maturitydate":"","remain_year":"","convertrate":"","interestrtmemo":"","release_date":"","circulation":"0.0","par_value":"0.0","due_time":"0.0","value_date":"","due_date":"","publisher":"","redeem_type":"T","issue_type":"","bond_type":"T","warrant":"","sale_rrg":"","rate":"","after_hour_vol":"0","float_shares":"271731000","float_market_capital":"1.77983805E10","disnext_pay_date":"","convert_rate":"","volume_ratio":"0.0","percent5m":"0.0","pankou_ratio":"0.0%","dividend_pay_date":"Mon Nov 06 00:00:00 CST 2017","ex_dividend_date":"Wed Sep 06 00:00:00 CST 2017","moving_avg_200_day":"64.9","chg_from_200_day_moving_avg":"0.6","pct_chg_from_200_day_moving_avg":"0.009300000000000001","moving_avg_50_day":"64.01","chg_from_50_day_moving_avg":"1.49","pct_chg_from_50_day_moving_avg":"0.0233","shares_outstanding":"1.830209E9","ebitda":"4.39E10","short_ratio":"1.58","pe_estimate_next_year":"25.19","peg_ratio":"0.37","eps_estimate_next_year":"2.6","eps_estimate_next_quarter":"0.0","eps_estimate_current_quarter":"2.08","psr":"0.43","revenue":"2.7908E11","profit_margin":"0.01049281353017056"},"SOHU":{"symbol":"SOHU","exchange":"NASDAQ","code":"SOHU","name":"搜狐","current":"12.78","percentage":"-1.84","change":"-0.24","open":"13.11","high":"13.2","low":"12.71","close":"12.78","last_close":"13.02","high52week":"32.98","low52week":"12.53","volume":"321295.0","lot_volume":"321295.0","volumeAverage":"337185","marketCapital":"4.96904292E8","eps":"-8.71","pe_ttm":"","pe_lyr":"","beta":"1.48","totalShares":"38881400","time":"Fri Jul 26 15:59:44 -0400 2019","afterHours":"12.61","afterHoursPct":"-1.33","afterHoursChg":"-0.17","afterHoursTime":"Mon Jul 29 05:23:32 -0400 2019","updateAt":"1564387131156","dividend":"0.0","yield":"0.0","turnover_rate":"0.82%","instOwn":"69.19","rise_stop":"0.0","fall_stop":"0.0","currency_unit":"USD","amount":"8189809.55","net_assets":"22.07","hasexist":"","has_warrant":"0","type":"1","flag":"1","rest_day":"","amplitude":"3.76%","market_status":"未开盘","lot_size":"1","min_order_quantity":"0","max_order_quantity":"0","tick_size":"0.01","variable_tick_size":"0.0001 1 0.01","kzz_stock_symbol":"","kzz_stock_name":"","kzz_stock_current":"12.9","kzz_convert_price":"0.0","kzz_covert_value":"0.0","kzz_cpr":"0.0","kzz_putback_price":"0.0","kzz_convert_time":"","kzz_redempt_price":"0.0","kzz_straight_price":"0.0","kzz_stock_percent":"","pb":"2.59","benefit_before_tax":"0.0","benefit_after_tax":"0.0","convert_bond_ratio":"","totalissuescale":"","outstandingamt":"","maturitydate":"","remain_year":"","convertrate":"","interestrtmemo":"","release_date":"","circulation":"0.0","par_value":"0.0","due_time":"0.0","value_date":"","due_date":"","publisher":"","redeem_type":"T","issue_type":"0","bond_type":"F","warrant":"","sale_rrg":"0","rate":"","after_hour_vol":"100","float_shares":"28386000","float_market_capital":"1.62453078E9","disnext_pay_date":"","convert_rate":"","volume_ratio":"0.0","percent5m":"0.0","pankou_ratio":"0.0%","dividend_pay_date":"","ex_dividend_date":"","moving_avg_200_day":"50.23","chg_from_200_day_moving_avg":"7.0","pct_chg_from_200_day_moving_avg":"0.1393","moving_avg_50_day":"58.72","chg_from_50_day_moving_avg":"-1.49","pct_chg_from_50_day_moving_avg":"-0.0253","shares_outstanding":"3.8867E7","ebitda":"8.489E7","short_ratio":"2.65","pe_estimate_next_year":"","peg_ratio":"-0.45","eps_estimate_next_year":"-2.94","eps_estimate_next_quarter":"-0.42","eps_estimate_current_quarter":"-6.69","psr":"1.33","revenue":"1.66E9","profit_margin":"-0.1805208253012048"},"VNET":{"symbol":"VNET","exchange":"NASDAQ","code":"VNET","name":"世纪互联","current":"7.28","percentage":"0.0","change":"0.00","open":"7.29","high":"7.37","low":"7.15","close":"7.28","last_close":"7.28","high52week":"11.98","low52week":"6.6","volume":"263439.0","lot_volume":"263439.0","volumeAverage":"740492","marketCapital":"8.12812E8","eps":"-1.19","pe_ttm":"","pe_lyr":"","beta":"1.18","totalShares":"111650000","time":"Fri Jul 26 15:59:55 -0400 2019","afterHours":"7.28","afterHoursPct":"0.0","afterHoursChg":"0.0","afterHoursTime":"Mon Jul 29 03:59:53 -0400 2019","updateAt":"1564387134392","dividend":"0.0","yield":"0.0","turnover_rate":"0.23%","instOwn":"16.0","rise_stop":"0.0","fall_stop":"0.0","currency_unit":"USD","amount":"2505304.89","net_assets":"7.76","hasexist":"","has_warrant":"0","type":"1","flag":"1","rest_day":"","amplitude":"3.02%","market_status":"未开盘","lot_size":"1","min_order_quantity":"0","max_order_quantity":"0","tick_size":"0.01","variable_tick_size":"0.0001 1 0.01","kzz_stock_symbol":"","kzz_stock_name":"","kzz_stock_current":"7.26","kzz_convert_price":"0.0","kzz_covert_value":"0.0","kzz_cpr":"0.0","kzz_putback_price":"0.0","kzz_convert_time":"","kzz_redempt_price":"0.0","kzz_straight_price":"0.0","kzz_stock_percent":"","pb":"0.97","benefit_before_tax":"0.0","benefit_after_tax":"0.0","convert_bond_ratio":"","totalissuescale":"","outstandingamt":"","maturitydate":"","remain_year":"","convertrate":"","interestrtmemo":"","release_date":"","circulation":"0.0","par_value":"0.0","due_time":"0.0","value_date":"","due_date":"","publisher":"","redeem_type":"T","issue_type":"","bond_type":"T","warrant":"","sale_rrg":"","rate":"","after_hour_vol":"0","float_shares":"64975000","float_market_capital":"4.8796225E8","disnext_pay_date":"","convert_rate":"","volume_ratio":"0.0","percent5m":"0.0","pankou_ratio":"-81.82%","dividend_pay_date":"","ex_dividend_date":"","moving_avg_200_day":"5.52","chg_from_200_day_moving_avg":"1.99","pct_chg_from_200_day_moving_avg":"0.36060000000000003","moving_avg_50_day":"6.83","chg_from_50_day_moving_avg":"0.68","pct_chg_from_50_day_moving_avg":"0.0998","shares_outstanding":"1.125E8","ebitda":"2.943E7","short_ratio":"9.52","pe_estimate_next_year":"","peg_ratio":"-5.39","eps_estimate_next_year":"-0.31","eps_estimate_next_quarter":"-0.05","eps_estimate_current_quarter":"-0.46","psr":"1.55","revenue":"5.4341E8","profit_margin":"-0.2215178226385234"},"NTES":{"symbol":"NTES","exchange":"NASDAQ","code":"NTES","name":"网易","current":"238.96","percentage":"-0.47","change":"-1.12","open":"243.04","high":"243.25","low":"0.0","close":"238.96","last_close":"240.08","high52week":"289.69","low52week":"184.6","volume":"0.0","lot_volume":"0.0","volumeAverage":"539123","marketCapital":"3.1382306152E10","eps":"12.82","pe_ttm":"18.6396","pe_lyr":"20.1605","beta":"0.85","totalShares":"131328700","time":"Fri Jul 12 11:13:28 -0400 2019","afterHours":"238.96","afterHoursPct":"0.0","afterHoursChg":"0.0","afterHoursTime":"Mon Jul 29 03:59:43 -0400 2019","updateAt":"1564387124930","dividend":"2.22","yield":"0.92","turnover_rate":"","instOwn":"52.74","rise_stop":"0.0","fall_stop":"0.0","currency_unit":"USD","amount":"0.0","net_assets":"0.0","hasexist":"","has_warrant":"0","type":"1","flag":"1","rest_day":"","amplitude":"","market_status":"未开盘","lot_size":"1","min_order_quantity":"0","max_order_quantity":"0","tick_size":"0.01","variable_tick_size":"0.0001 1 0.01","kzz_stock_symbol":"","kzz_stock_name":"","kzz_stock_current":"264.85","kzz_convert_price":"0.0","kzz_covert_value":"0.0","kzz_cpr":"0.0","kzz_putback_price":"0.0","kzz_convert_time":"","kzz_redempt_price":"0.0","kzz_straight_price":"0.0","kzz_stock_percent":"","pb":"5.61","benefit_before_tax":"0.0","benefit_after_tax":"0.0","convert_bond_ratio":"","totalissuescale":"","outstandingamt":"","maturitydate":"","remain_year":"","convertrate":"","interestrtmemo":"","release_date":"","circulation":"0.0","par_value":"0.0","due_time":"0.0","value_date":"","due_date":"","publisher":"","redeem_type":"T","issue_type":"","bond_type":"T","warrant":"","sale_rrg":"","rate":"","after_hour_vol":"0","float_shares":"0","float_market_capital":"2.078813607E10","disnext_pay_date":"","convert_rate":"","volume_ratio":"0.0","percent5m":"0.0","pankou_ratio":"0.0%","dividend_pay_date":"Fri Jun 02 00:00:00 CST 2017","ex_dividend_date":"Wed Aug 23 00:00:00 CST 2017","moving_avg_200_day":"0.0","chg_from_200_day_moving_avg":"281.92","pct_chg_from_200_day_moving_avg":"","moving_avg_50_day":"0.0","chg_from_50_day_moving_avg":"281.92","pct_chg_from_50_day_moving_avg":"","shares_outstanding":"","ebitda":"0.0","short_ratio":"0.0","pe_estimate_next_year":"","peg_ratio":"0.0","eps_estimate_next_year":"16.42","eps_estimate_next_quarter":"0.0","eps_estimate_current_quarter":"14.12","psr":"","revenue":"","profit_margin":"0.27481664054054056"},"ONP":{"symbol":"ONP","exchange":"AMEX","code":"ONP","name":"东方纸业","current":"0.9700","percentage":"0.0","change":"0.0000","open":"0.0","high":"0.0","low":"0.0","close":"0.97","last_close":"0.97","high52week":"2.45","low52week":"0.75","volume":"0.0","lot_volume":"0.0","volumeAverage":"55438","marketCapital":"2.05709E7","eps":"-0.19","pe_ttm":"","pe_lyr":"12.125","beta":"0.8","totalShares":"21450000","time":"Wed Jul 31 15:52:47 -0400 2019","afterHours":"0.97","afterHoursPct":"0.0","afterHoursChg":"0.0","afterHoursTime":"Mon Jul 29 03:59:44 -0400 2019","updateAt":"1564387125794","dividend":"0.0","yield":"0.0","turnover_rate":"","instOwn":"5.0","rise_stop":"0.0","fall_stop":"0.0","currency_unit":"USD","amount":"0.0","net_assets":"8.33","hasexist":"","has_warrant":"0","type":"1","flag":"1","rest_day":"","amplitude":"","market_status":"未开盘","lot_size":"1","min_order_quantity":"0","max_order_quantity":"0","tick_size":"0.0001","variable_tick_size":"0.0001 1 0.01","kzz_stock_symbol":"","kzz_stock_name":"","kzz_stock_current":"0.95","kzz_convert_price":"0.0","kzz_covert_value":"0.0","kzz_cpr":"0.0","kzz_putback_price":"0.0","kzz_convert_time":"","kzz_redempt_price":"0.0","kzz_straight_price":"0.0","kzz_stock_percent":"","pb":"0.1","benefit_before_tax":"0.0","benefit_after_tax":"0.0","convert_bond_ratio":"","totalissuescale":"","outstandingamt":"","maturitydate":"","remain_year":"","convertrate":"","interestrtmemo":"","release_date":"","circulation":"0.0","par_value":"0.0","due_time":"0.0","value_date":"","due_date":"","publisher":"","redeem_type":"T","issue_type":"","bond_type":"F","warrant":"","sale_rrg":"","rate":"","after_hour_vol":"0","float_shares":"16010000","float_market_capital":"1.39287E7","disnext_pay_date":"","convert_rate":"","volume_ratio":"0.0","percent5m":"0.0","pankou_ratio":"-33.33%","dividend_pay_date":"Mon Dec 16 00:00:00 CST 2013","ex_dividend_date":"Tue Nov 26 00:00:00 CST 2013","moving_avg_200_day":"0.93","chg_from_200_day_moving_avg":"-0.06","pct_chg_from_200_day_moving_avg":"-0.0642","moving_avg_50_day":"0.83","chg_from_50_day_moving_avg":"0.04","pct_chg_from_50_day_moving_avg":"0.0482","shares_outstanding":"2.145E7","ebitda":"2.772E7","short_ratio":"0.81","pe_estimate_next_year":"","peg_ratio":"0.0","eps_estimate_next_year":"","eps_estimate_next_quarter":"0.0","eps_estimate_current_quarter":"1.18","psr":"0.16","revenue":"1.1692E8","profit_margin":"0.06604515908313377"},"SKYS":{"symbol":"SKYS","exchange":"NASDAQ","code":"SKYS","name":"天华阳光","current":"0.5600","percentage":"3.76","change":"0.0203","open":"0.55","high":"0.56","low":"0.0","close":"0.56","last_close":"0.5397","high52week":"1.58","low52week":"0.45","volume":"0.0","lot_volume":"0.0","volumeAverage":"23386","marketCapital":"2.83194E7","eps":"-0.01","pe_ttm":"","pe_lyr":"","beta":"1.36","totalShares":"419547000","time":"Fri Jul 12 11:05:20 -0400 2019","afterHours":"0.56","afterHoursPct":"0.0","afterHoursChg":"0.0","afterHoursTime":"Mon Jul 29 03:59:49 -0400 2019","updateAt":"1564387130716","dividend":"0.0","yield":"0.0","turnover_rate":"","instOwn":"3.0","rise_stop":"0.0","fall_stop":"0.0","currency_unit":"USD","amount":"0.0","net_assets":"2.63","hasexist":"","has_warrant":"0","type":"1","flag":"1","rest_day":"","amplitude":"","market_status":"未开盘","lot_size":"1","min_order_quantity":"0","max_order_quantity":"0","tick_size":"0.0001","variable_tick_size":"0.0001 1 0.01","kzz_stock_symbol":"","kzz_stock_name":"","kzz_stock_current":"0.5","kzz_convert_price":"0.0","kzz_covert_value":"0.0","kzz_cpr":"0.0","kzz_putback_price":"0.0","kzz_convert_time":"","kzz_redempt_price":"0.0","kzz_straight_price":"0.0","kzz_stock_percent":"","pb":"0.67","benefit_before_tax":"0.0","benefit_after_tax":"0.0","convert_bond_ratio":"","totalissuescale":"","outstandingamt":"","maturitydate":"","remain_year":"","convertrate":"","interestrtmemo":"","release_date":"","circulation":"0.0","par_value":"0.0","due_time":"0.0","value_date":"","due_date":"","publisher":"","redeem_type":"F","issue_type":"","bond_type":"T","warrant":"","sale_rrg":"","rate":"","after_hour_vol":"0","float_shares":"17289000","float_market_capital":"3.025575E7","disnext_pay_date":"","convert_rate":"","volume_ratio":"0.0","percent5m":"0.0","pankou_ratio":"0.0%","dividend_pay_date":"","ex_dividend_date":"","moving_avg_200_day":"1.63","chg_from_200_day_moving_avg":"0.12","pct_chg_from_200_day_moving_avg":"0.0706","moving_avg_50_day":"1.69","chg_from_50_day_moving_avg":"0.06","pct_chg_from_50_day_moving_avg":"0.0338","shares_outstanding":"5.3156E7","ebitda":"1.942E7","short_ratio":"5.89","pe_estimate_next_year":"17.5","peg_ratio":"0.87","eps_estimate_next_year":"0.1","eps_estimate_next_quarter":"0.01","eps_estimate_current_quarter":"0.06","psr":"1.38","revenue":"6.781E7","profit_margin":"0.1646181979059136"},"SNP":{"symbol":"SNP","exchange":"NYSE","code":"SNP","name":"中石化","current":"65.34","percentage":"0.38","change":"0.25","open":"65.4","high":"65.58","low":"65.18","close":"65.34","last_close":"65.09","high52week":"102.48","low52week":"64.33","volume":"148256.0","lot_volume":"148256.0","volumeAverage":"196328","marketCapital":"7.9107928614E10","eps":"6.72","pe_ttm":"9.7232","pe_lyr":"10.6195","beta":"1.47","totalShares":"1210712100","time":"Fri Jul 26 15:59:59 -0400 2019","afterHours":"65.34","afterHoursPct":"0.0","afterHoursChg":"0.0","afterHoursTime":"Mon Jul 29 03:59:49 -0400 2019","updateAt":"1564387130974","dividend":"5.552","yield":"8.53","turnover_rate":"0.01%","instOwn":"9.58","rise_stop":"0.0","fall_stop":"0.0","currency_unit":"USD","amount":"1.42251632E7","net_assets":"90.8","hasexist":"","has_warrant":"0","type":"1","flag":"1","rest_day":"","amplitude":"0.61%","market_status":"未开盘","lot_size":"1","min_order_quantity":"0","max_order_quantity":"0","tick_size":"0.01","variable_tick_size":"0.01","kzz_stock_symbol":"","kzz_stock_name":"","kzz_stock_current":"65.31","kzz_convert_price":"0.0","kzz_covert_value":"0.0","kzz_cpr":"0.0","kzz_putback_price":"0.0","kzz_convert_time":"","kzz_redempt_price":"0.0","kzz_straight_price":"0.0","kzz_stock_percent":"","pb":"0.81","benefit_before_tax":"0.0","benefit_after_tax":"0.0","convert_bond_ratio":"","totalissuescale":"","outstandingamt":"","maturitydate":"","remain_year":"","convertrate":"","interestrtmemo":"","release_date":"","circulation":"0.0","par_value":"0.0","due_time":"0.0","value_date":"","due_date":"","publisher":"","redeem_type":"T","issue_type":"","bond_type":"T","warrant":"","sale_rrg":"","rate":"","after_hour_vol":"0","float_shares":"347256000","float_market_capital":"2.557193184E10","disnext_pay_date":"","convert_rate":"","volume_ratio":"0.0","percent5m":"0.0","pankou_ratio":"0.0%","dividend_pay_date":"Fri Oct 06 00:00:00 CST 2017","ex_dividend_date":"Mon Sep 18 00:00:00 CST 2017","moving_avg_200_day":"77.84","chg_from_200_day_moving_avg":"-4.2","pct_chg_from_200_day_moving_avg":"-0.054000000000000006","moving_avg_50_day":"75.1","chg_from_50_day_moving_avg":"-1.46","pct_chg_from_50_day_moving_avg":"-0.0194","shares_outstanding":"1.210712E9","ebitda":"2.954E10","short_ratio":"2.78","pe_estimate_next_year":"","peg_ratio":"0.0","eps_estimate_next_year":"6.05","eps_estimate_next_quarter":"0.0","eps_estimate_current_quarter":"4.48","psr":"0.26","revenue":"3.3953E11","profit_margin":"0.024604343651518274"},"SEED":{"symbol":"SEED","exchange":"NASDAQ","code":"SEED","name":"奥瑞金种业","current":"5.69","percentage":"-0.97","change":"-0.06","open":"5.75","high":"5.77","low":"5.67","close":"5.69","last_close":"5.75","high52week":"10.55","low52week":"4.75","volume":"1523.0","lot_volume":"1523.0","volumeAverage":"272673","marketCapital":"1.293906E8","eps":"-0.07","pe_ttm":"","pe_lyr":"","beta":"0.75","totalShares":"22740000","time":"Fri Jul 26 15:20:03 -0400 2019","afterHours":"5.69","afterHoursPct":"0.0","afterHoursChg":"0.0","afterHoursTime":"Mon Jul 29 03:59:48 -0400 2019","updateAt":"1564387130331","dividend":"0.0","yield":"0.0","turnover_rate":"0.01%","instOwn":"2.43","rise_stop":"0.0","fall_stop":"0.0","currency_unit":"USD","amount":"12899.81","net_assets":"0.83","hasexist":"","has_warrant":"0","type":"1","flag":"1","rest_day":"","amplitude":"1.74%","market_status":"未开盘","lot_size":"1","min_order_quantity":"0","max_order_quantity":"0","tick_size":"0.01","variable_tick_size":"0.0001 1 0.01","kzz_stock_symbol":"","kzz_stock_name":"","kzz_stock_current":"5.72","kzz_convert_price":"0.0","kzz_covert_value":"0.0","kzz_cpr":"0.0","kzz_putback_price":"0.0","kzz_convert_time":"","kzz_redempt_price":"0.0","kzz_straight_price":"0.0","kzz_stock_percent":"","pb":"1.72","benefit_before_tax":"0.0","benefit_after_tax":"0.0","convert_bond_ratio":"","totalissuescale":"","outstandingamt":"","maturitydate":"","remain_year":"","convertrate":"","interestrtmemo":"","release_date":"","circulation":"0.0","par_value":"0.0","due_time":"0.0","value_date":"","due_date":"","publisher":"","redeem_type":"T","issue_type":"","bond_type":"F","warrant":"","sale_rrg":"","rate":"","after_hour_vol":"0","float_shares":"17992000","float_market_capital":"2.572856E7","disnext_pay_date":"","convert_rate":"","volume_ratio":"0.0","percent5m":"0.0","pankou_ratio":"-71.43%","dividend_pay_date":"","ex_dividend_date":"","moving_avg_200_day":"1.57","chg_from_200_day_moving_avg":"-0.14","pct_chg_from_200_day_moving_avg":"-0.0883","moving_avg_50_day":"1.59","chg_from_50_day_moving_avg":"-0.16","pct_chg_from_50_day_moving_avg":"-0.102","shares_outstanding":"2.3173E7","ebitda":"-4790000.0","short_ratio":"1.32","pe_estimate_next_year":"","peg_ratio":"0.0","eps_estimate_next_year":"","eps_estimate_next_quarter":"0.0","eps_estimate_current_quarter":"0.35","psr":"0.67","revenue":"4.96E7","profit_margin":"-0.19155100806451614"},"RYB":{"symbol":"RYB","exchange":"NYSE","code":"RYB","name":"红黄蓝教育","current":"6.00","percentage":"-4.46","change":"-0.28","open":"6.01","high":"6.12","low":"5.78","close":"6.0","last_close":"6.28","high52week":"21.98","low52week":"5.6","volume":"60957.0","lot_volume":"60957.0","volumeAverage":"0","marketCapital":"1.719828E8","eps":"0.23","pe_ttm":"26.087","pe_lyr":"24.569","beta":"0.0","totalShares":"28663800","time":"Fri Jul 26 15:59:55 -0400 2019","afterHours":"6.0","afterHoursPct":"0.0","afterHoursChg":"0.0","afterHoursTime":"Mon Jul 29 03:59:48 -0400 2019","updateAt":"1564387129588","dividend":"0.0","yield":"0.0","turnover_rate":"0.21%","instOwn":"0.0","rise_stop":"0.0","fall_stop":"0.0","currency_unit":"","amount":"1258152.48","net_assets":"0.0","hasexist":"","has_warrant":"0","type":"1","flag":"1","rest_day":"","amplitude":"5.10%","market_status":"未开盘","lot_size":"1","min_order_quantity":"0","max_order_quantity":"0","tick_size":"0.01","variable_tick_size":"0.01","kzz_stock_symbol":"","kzz_stock_name":"","kzz_stock_current":"6.01","kzz_convert_price":"0.0","kzz_covert_value":"0.0","kzz_cpr":"0.0","kzz_putback_price":"0.0","kzz_convert_time":"","kzz_redempt_price":"0.0","kzz_straight_price":"0.0","kzz_stock_percent":"","pb":"0.0","benefit_before_tax":"0.0","benefit_after_tax":"0.0","convert_bond_ratio":"","totalissuescale":"","outstandingamt":"","maturitydate":"","remain_year":"","convertrate":"","interestrtmemo":"","release_date":"","circulation":"0.0","par_value":"0.0","due_time":"0.0","value_date":"","due_date":"","publisher":"","redeem_type":"T","issue_type":"","bond_type":"T","warrant":"","sale_rrg":"","rate":"","after_hour_vol":"0","float_shares":"0","float_market_capital":"0.0","disnext_pay_date":"","convert_rate":"","volume_ratio":"0.0","percent5m":"0.0","pankou_ratio":"-14.29%","dividend_pay_date":"","ex_dividend_date":"","moving_avg_200_day":"27.38","chg_from_200_day_moving_avg":"-1.92","pct_chg_from_200_day_moving_avg":"-0.0702","moving_avg_50_day":"27.38","chg_from_50_day_moving_avg":"-1.92","pct_chg_from_50_day_moving_avg":"-0.0702","shares_outstanding":"2.1715E7","ebitda":"0.0","short_ratio":"0.0","pe_estimate_next_year":"","peg_ratio":"0.0","eps_estimate_next_year":"","eps_estimate_next_quarter":"0.0","eps_estimate_current_quarter":"","psr":"","revenue":"","profit_margin":""},"OIIM":{"symbol":"OIIM","exchange":"NASDAQ","code":"OIIM","name":"凹凸科技","current":"1.36","percentage":"0.85","change":"0.01","open":"1.4","high":"1.4","low":"0.0","close":"1.36","last_close":"1.35","high52week":"2.4","low52week":"1.26","volume":"0.0","lot_volume":"0.0","volumeAverage":"24334","marketCapital":"3.514376E7","eps":"-0.07","pe_ttm":"","pe_lyr":"","beta":"0.66","totalShares":"25841000","time":"Thu Jul 11 15:13:47 -0400 2019","afterHours":"1.36","afterHoursPct":"0.0","afterHoursChg":"0.0","afterHoursTime":"Mon Jul 29 03:59:44 -0400 2019","updateAt":"1564387125681","dividend":"0.0","yield":"0.0","turnover_rate":"","instOwn":"30.99","rise_stop":"0.0","fall_stop":"0.0","currency_unit":"USD","amount":"0.0","net_assets":"3.065","hasexist":"","has_warrant":"0","type":"1","flag":"1","rest_day":"","amplitude":"","market_status":"未开盘","lot_size":"1","min_order_quantity":"0","max_order_quantity":"0","tick_size":"0.01","variable_tick_size":"0.0001 1 0.01","kzz_stock_symbol":"","kzz_stock_name":"","kzz_stock_current":"1.37","kzz_convert_price":"0.0","kzz_covert_value":"0.0","kzz_cpr":"0.0","kzz_putback_price":"0.0","kzz_convert_time":"","kzz_redempt_price":"0.0","kzz_straight_price":"0.0","kzz_stock_percent":"","pb":"0.65","benefit_before_tax":"0.0","benefit_after_tax":"0.0","convert_bond_ratio":"","totalissuescale":"","outstandingamt":"","maturitydate":"","remain_year":"","convertrate":"","interestrtmemo":"","release_date":"","circulation":"0.0","par_value":"0.0","due_time":"0.0","value_date":"","due_date":"","publisher":"","redeem_type":"F","issue_type":"","bond_type":"T","warrant":"","sale_rrg":"","rate":"","after_hour_vol":"0","float_shares":"22290000","float_market_capital":"4.458E7","disnext_pay_date":"","convert_rate":"","volume_ratio":"0.0","percent5m":"0.0","pankou_ratio":"42.86%","dividend_pay_date":"","ex_dividend_date":"","moving_avg_200_day":"1.8874","chg_from_200_day_moving_avg":"0.1171","pct_chg_from_200_day_moving_avg":"0.062037","moving_avg_50_day":"1.76","chg_from_50_day_moving_avg":"0.2445","pct_chg_from_50_day_moving_avg":"0.13892","shares_outstanding":"2.584E7","ebitda":"-3450000.0","short_ratio":"1.25","pe_estimate_next_year":"","peg_ratio":"-0.46","eps_estimate_next_year":"-0.15","eps_estimate_next_quarter":"-0.05","eps_estimate_current_quarter":"-0.21","psr":"0.8682","revenue":"5.982E7","profit_margin":"-0.02591775325977934"},"NCTY":{"symbol":"NCTY","exchange":"NASDAQ","code":"NCTY","name":"第九城市","current":"1.04","percentage":"-4.59","change":"-0.05","open":"1.07","high":"1.09","low":"0.0","close":"1.04","last_close":"1.09","high52week":"8.13","low52week":"0.78","volume":"0.0","lot_volume":"0.0","volumeAverage":"38232","marketCapital":"2.487212104E7","eps":"-0.6","pe_ttm":"","pe_lyr":"","beta":"2.11","totalShares":"23915501","time":"Fri Jul 12 10:23:03 -0400 2019","afterHours":"1.04","afterHoursPct":"0.0","afterHoursChg":"0.0","afterHoursTime":"Mon Jul 29 03:59:42 -0400 2019","updateAt":"1564387123997","dividend":"0.0","yield":"0.0","turnover_rate":"","instOwn":"6.71","rise_stop":"0.0","fall_stop":"0.0","currency_unit":"USD","amount":"0.0","net_assets":"0.0","hasexist":"","has_warrant":"0","type":"1","flag":"1","rest_day":"","amplitude":"","market_status":"未开盘","lot_size":"1","min_order_quantity":"0","max_order_quantity":"0","tick_size":"0.01","variable_tick_size":"0.0001 1 0.01","kzz_stock_symbol":"","kzz_stock_name":"","kzz_stock_current":"1.2","kzz_convert_price":"0.0","kzz_covert_value":"0.0","kzz_cpr":"0.0","kzz_putback_price":"0.0","kzz_convert_time":"","kzz_redempt_price":"0.0","kzz_straight_price":"0.0","kzz_stock_percent":"","pb":"-0.41","benefit_before_tax":"0.0","benefit_after_tax":"0.0","convert_bond_ratio":"","totalissuescale":"","outstandingamt":"","maturitydate":"","remain_year":"","convertrate":"","interestrtmemo":"","release_date":"","circulation":"0.0","par_value":"0.0","due_time":"0.0","value_date":"","due_date":"","publisher":"","redeem_type":"T","issue_type":"","bond_type":"F","warrant":"","sale_rrg":"","rate":"","after_hour_vol":"0","float_shares":"0","float_market_capital":"2.4821577E7","disnext_pay_date":"","convert_rate":"","volume_ratio":"0.0","percent5m":"0.0","pankou_ratio":"0.0%","dividend_pay_date":"Mon Feb 09 00:00:00 CST 2009","ex_dividend_date":"Thu Jan 29 00:00:00 CST 2009","moving_avg_200_day":"0.0","chg_from_200_day_moving_avg":"0.8949","pct_chg_from_200_day_moving_avg":"","moving_avg_50_day":"0.0","chg_from_50_day_moving_avg":"0.8949","pct_chg_from_50_day_moving_avg":"","shares_outstanding":"","ebitda":"0.0","short_ratio":"0.0","pe_estimate_next_year":"","peg_ratio":"0.0","eps_estimate_next_year":"-2.01","eps_estimate_next_quarter":"0.0","eps_estimate_current_quarter":"-2.83","psr":"","revenue":"","profit_margin":"-28.907932558139535"},"SIMO":{"symbol":"SIMO","exchange":"NASDAQ","code":"SIMO","name":"慧荣科技","current":"40.63","percentage":"-1.41","change":"-0.58","open":"41.52","high":"41.61","low":"0.0","close":"40.63","last_close":"41.21","high52week":"61.85","low52week":"31.73","volume":"0.0","lot_volume":"0.0","volumeAverage":"554162","marketCapital":"1.5050418E9","eps":"2.37","pe_ttm":"17.3882","pe_lyr":"19.8125","beta":"1.01","totalShares":"146085000","time":"Fri Jul 12 11:11:09 -0400 2019","afterHours":"40.63","afterHoursPct":"0.0","afterHoursChg":"0.0","afterHoursTime":"Mon Jul 29 03:59:49 -0400 2019","updateAt":"1564387130631","dividend":"1.19","yield":"2.89","turnover_rate":"","instOwn":"36.59","rise_stop":"0.0","fall_stop":"0.0","currency_unit":"USD","amount":"0.0","net_assets":"13.87","hasexist":"","has_warrant":"0","type":"0","flag":"1","rest_day":"","amplitude":"","market_status":"未开盘","lot_size":"1","min_order_quantity":"0","max_order_quantity":"0","tick_size":"0.01","variable_tick_size":"0.0001 1 0.01","kzz_stock_symbol":"","kzz_stock_name":"","kzz_stock_current":"43.0","kzz_convert_price":"0.0","kzz_covert_value":"0.0","kzz_cpr":"0.0","kzz_putback_price":"0.0","kzz_convert_time":"","kzz_redempt_price":"0.0","kzz_straight_price":"0.0","kzz_stock_percent":"","pb":"3.49","benefit_before_tax":"0.0","benefit_after_tax":"0.0","convert_bond_ratio":"","totalissuescale":"","outstandingamt":"","maturitydate":"","remain_year":"","convertrate":"","interestrtmemo":"","release_date":"","circulation":"0.0","par_value":"0.0","due_time":"0.0","value_date":"","due_date":"","publisher":"","redeem_type":"T","issue_type":"","bond_type":"T","warrant":"","sale_rrg":"","rate":"","after_hour_vol":"0","float_shares":"32956000","float_market_capital":"1.59572952E9","disnext_pay_date":"","convert_rate":"","volume_ratio":"0.0","percent5m":"0.0","pankou_ratio":"-33.33%","dividend_pay_date":"Fri Nov 24 00:00:00 CST 2017","ex_dividend_date":"Thu Aug 03 00:00:00 CST 2017","moving_avg_200_day":"47.52","chg_from_200_day_moving_avg":"0.9","pct_chg_from_200_day_moving_avg":"0.0189","moving_avg_50_day":"48.93","chg_from_50_day_moving_avg":"-0.51","pct_chg_from_50_day_moving_avg":"-0.0105","shares_outstanding":"3.5741E7","ebitda":"1.4581E8","short_ratio":"5.52","pe_estimate_next_year":"14.85","peg_ratio":"-4.13","eps_estimate_next_year":"3.26","eps_estimate_next_quarter":"0.64","eps_estimate_current_quarter":"2.6","psr":"3.0","revenue":"5.628E8","profit_margin":"0.1879768301350391"},"VIPS":{"symbol":"VIPS","exchange":"NYSE","code":"VIPS","name":"唯品会","current":"7.93","percentage":"0.76","change":"0.06","open":"7.88","high":"8.05","low":"0.0","close":"7.93","last_close":"7.87","high52week":"10.13","low52week":"4.31","volume":"0.0","lot_volume":"0.0","volumeAverage":"5650000","marketCapital":"4.612422646E9","eps":"0.5","pe_ttm":"15.86","pe_lyr":"16.2712","beta":"1.89","totalShares":"581642200","time":"Fri Jul 12 11:14:53 -0400 2019","afterHours":"7.93","afterHoursPct":"0.0","afterHoursChg":"0.0","afterHoursTime":"Mon Jul 29 03:59:52 -0400 2019","updateAt":"1564387134291","dividend":"0.0","yield":"0.0","turnover_rate":"","instOwn":"430.0","rise_stop":"0.0","fall_stop":"0.0","currency_unit":"USD","amount":"0.0","net_assets":"1.86","hasexist":"","has_warrant":"0","type":"1","flag":"1","rest_day":"","amplitude":"","market_status":"未开盘","lot_size":"1","min_order_quantity":"0","max_order_quantity":"0","tick_size":"0.01","variable_tick_size":"0.01","kzz_stock_symbol":"","kzz_stock_name":"","kzz_stock_current":"7.79","kzz_convert_price":"0.0","kzz_covert_value":"0.0","kzz_cpr":"0.0","kzz_putback_price":"0.0","kzz_convert_time":"","kzz_redempt_price":"0.0","kzz_straight_price":"0.0","kzz_stock_percent":"","pb":"4.25","benefit_before_tax":"0.0","benefit_after_tax":"0.0","convert_bond_ratio":"","totalissuescale":"","outstandingamt":"","maturitydate":"","remain_year":"","convertrate":"","interestrtmemo":"","release_date":"","circulation":"0.0","par_value":"0.0","due_time":"0.0","value_date":"","due_date":"","publisher":"","redeem_type":"T","issue_type":"","bond_type":"T","warrant":"","sale_rrg":"","rate":"","after_hour_vol":"0","float_shares":"426979000","float_market_capital":"3.3731341E9","disnext_pay_date":"","convert_rate":"","volume_ratio":"0.0","percent5m":"0.0","pankou_ratio":"-25.0%","dividend_pay_date":"","ex_dividend_date":"","moving_avg_200_day":"11.09","chg_from_200_day_moving_avg":"-3.19","pct_chg_from_200_day_moving_avg":"-0.2877","moving_avg_50_day":"8.73","chg_from_50_day_moving_avg":"-0.83","pct_chg_from_50_day_moving_avg":"-0.0949","shares_outstanding":"5.87623E8","ebitda":"6.0911E8","short_ratio":"2.79","pe_estimate_next_year":"9.4","peg_ratio":"31.17","eps_estimate_next_year":"0.84","eps_estimate_next_quarter":"0.22","eps_estimate_current_quarter":"0.72","psr":"0.47","revenue":"9.87E9","profit_margin":"0.030958861195542045"},"MOMO":{"symbol":"MOMO","exchange":"NASDAQ","code":"MOMO","name":"陌陌","current":"34.80","percentage":"-2.68","change":"-0.96","open":"35.85","high":"35.85","low":"0.0","close":"34.8","last_close":"35.76","high52week":"49.38","low52week":"22.85","volume":"0.0","lot_volume":"0.0","volumeAverage":"569722","marketCapital":"6.88624488E9","eps":"1.53","pe_ttm":"22.7451","pe_lyr":"22.7743","beta":"2.3","totalShares":"197880600","time":"Fri Jul 12 11:14:17 -0400 2019","afterHours":"34.8","afterHoursPct":"0.0","afterHoursChg":"0.0","afterHoursTime":"Mon Jul 29 03:59:41 -0400 2019","updateAt":"1564387123252","dividend":"0.6","yield":"1.68","turnover_rate":"","instOwn":"3.0","rise_stop":"0.0","fall_stop":"0.0","currency_unit":"USD","amount":"0.0","net_assets":"0.0","hasexist":"","has_warrant":"0","type":"1","flag":"1","rest_day":"","amplitude":"","market_status":"未开盘","lot_size":"1","min_order_quantity":"0","max_order_quantity":"0","tick_size":"0.01","variable_tick_size":"0.0001 1 0.01","kzz_stock_symbol":"","kzz_stock_name":"","kzz_stock_current":"34.62","kzz_convert_price":"0.0","kzz_covert_value":"0.0","kzz_cpr":"0.0","kzz_putback_price":"0.0","kzz_convert_time":"","kzz_redempt_price":"0.0","kzz_straight_price":"0.0","kzz_stock_percent":"","pb":"7.2","benefit_before_tax":"0.0","benefit_after_tax":"0.0","convert_bond_ratio":"","totalissuescale":"","outstandingamt":"","maturitydate":"","remain_year":"","convertrate":"","interestrtmemo":"","release_date":"","circulation":"0.0","par_value":"0.0","due_time":"0.0","value_date":"","due_date":"","publisher":"","redeem_type":"T","issue_type":"","bond_type":"T","warrant":"","sale_rrg":"","rate":"","after_hour_vol":"0","float_shares":"0","float_market_capital":"3.10389381E9","disnext_pay_date":"","convert_rate":"","volume_ratio":"0.0","percent5m":"0.0","pankou_ratio":"0.0%","dividend_pay_date":"","ex_dividend_date":"","moving_avg_200_day":"0.0","chg_from_200_day_moving_avg":"30.47","pct_chg_from_200_day_moving_avg":"","moving_avg_50_day":"0.0","chg_from_50_day_moving_avg":"30.47","pct_chg_from_50_day_moving_avg":"","shares_outstanding":"","ebitda":"0.0","short_ratio":"0.0","pe_estimate_next_year":"","peg_ratio":"0.0","eps_estimate_next_year":"2.29","eps_estimate_next_quarter":"0.0","eps_estimate_current_quarter":"1.66","psr":"","revenue":"","profit_margin":"0.2555061847995676"},"SSC":{"symbol":"SSC","exchange":"NASDAQ","code":"SSC","name":"Seven Stars Cloud Group, Inc.","current":"2.98","percentage":"0.0","change":"0.00","open":"0.0","high":"0.0","low":"0.0","close":"2.98","last_close":"2.98","high52week":"7.0","low52week":"1.41","volume":"0.0","lot_volume":"0.0","volumeAverage":"0","marketCapital":"2.267411E8","eps":"-0.3","pe_ttm":"","pe_lyr":"","beta":"2.11","totalShares":"73142000","time":"Tue Nov 12 15:59:48 -0500 2019","afterHours":"2.98","afterHoursPct":"0.0","afterHoursChg":"0.0","afterHoursTime":"Mon Jul 29 03:59:50 -0400 2019","updateAt":"1564387131518","dividend":"0.0","yield":"0.0","turnover_rate":"","instOwn":"0.0","rise_stop":"0.0","fall_stop":"0.0","currency_unit":"USD","amount":"0.0","net_assets":"0.0","hasexist":"","has_warrant":"0","type":"0","flag":"1","rest_day":"","amplitude":"","market_status":"未开盘","lot_size":"1","min_order_quantity":"0","max_order_quantity":"0","tick_size":"0.01","variable_tick_size":"0.0001 1 0.01","kzz_stock_symbol":"","kzz_stock_name":"","kzz_stock_current":"3.01","kzz_convert_price":"0.0","kzz_covert_value":"0.0","kzz_cpr":"0.0","kzz_putback_price":"0.0","kzz_convert_time":"","kzz_redempt_price":"0.0","kzz_straight_price":"0.0","kzz_stock_percent":"","pb":"0.0","benefit_before_tax":"0.0","benefit_after_tax":"0.0","convert_bond_ratio":"","totalissuescale":"","outstandingamt":"","maturitydate":"","remain_year":"","convertrate":"","interestrtmemo":"","release_date":"","circulation":"0.0","par_value":"0.0","due_time":"0.0","value_date":"","due_date":"","publisher":"","redeem_type":"F","issue_type":"","bond_type":"T","warrant":"","sale_rrg":"","rate":"","after_hour_vol":"0","float_shares":"0","float_market_capital":"0.0","disnext_pay_date":"","convert_rate":"","volume_ratio":"0.0","percent5m":"0.0","pankou_ratio":"33.33%","dividend_pay_date":"","ex_dividend_date":"","moving_avg_200_day":"2.16","chg_from_200_day_moving_avg":"-0.14","pct_chg_from_200_day_moving_avg":"-0.0652","moving_avg_50_day":"2.09","chg_from_50_day_moving_avg":"-0.07","pct_chg_from_50_day_moving_avg":"-0.0345","shares_outstanding":"6.2153E7","ebitda":"0.0","short_ratio":"0.0","pe_estimate_next_year":"","peg_ratio":"0.0","eps_estimate_next_year":"","eps_estimate_next_quarter":"0.0","eps_estimate_current_quarter":"","psr":"","revenue":"","profit_margin":""},"NEWA":{"symbol":"NEWA","exchange":"NASDAQ","code":"NEWA","name":"烟台金正环保","current":"5.90","percentage":"-2.56","change":"-0.16","open":"6.01","high":"6.03","low":"5.89","close":"5.9","last_close":"6.05","high52week":"29.69","low52week":"5.01","volume":"1105.0","lot_volume":"1105.0","volumeAverage":"0","marketCapital":"6.53945E7","eps":"0.67","pe_ttm":"9.0299","pe_lyr":"23.2692","beta":"0.0","totalShares":"10809000","time":"Fri Jul 26 15:13:45 -0400 2019","afterHours":"5.9","afterHoursPct":"0.0","afterHoursChg":"0.0","afterHoursTime":"Mon Jul 29 03:59:42 -0400 2019","updateAt":"1564387124264","dividend":"0.0","yield":"0.0","turnover_rate":"0.01%","instOwn":"0.0","rise_stop":"0.0","fall_stop":"0.0","currency_unit":"USD","amount":"19028.1","net_assets":"0.0","hasexist":"","has_warrant":"0","type":"1","flag":"1","rest_day":"","amplitude":"2.31%","market_status":"未开盘","lot_size":"1","min_order_quantity":"0","max_order_quantity":"0","tick_size":"0.01","variable_tick_size":"0.0001 1 0.01","kzz_stock_symbol":"","kzz_stock_name":"","kzz_stock_current":"5.94","kzz_convert_price":"0.0","kzz_covert_value":"0.0","kzz_cpr":"0.0","kzz_putback_price":"0.0","kzz_convert_time":"","kzz_redempt_price":"0.0","kzz_straight_price":"0.0","kzz_stock_percent":"","pb":"0.0","benefit_before_tax":"0.0","benefit_after_tax":"0.0","convert_bond_ratio":"","totalissuescale":"","outstandingamt":"","maturitydate":"","remain_year":"","convertrate":"","interestrtmemo":"","release_date":"","circulation":"0.0","par_value":"0.0","due_time":"0.0","value_date":"","due_date":"","publisher":"","redeem_type":"F","issue_type":"","bond_type":"T","warrant":"","sale_rrg":"","rate":"","after_hour_vol":"0","float_shares":"0","float_market_capital":"0.0","disnext_pay_date":"","convert_rate":"","volume_ratio":"0.0","percent5m":"0.0","pankou_ratio":"-86.67%","dividend_pay_date":"","ex_dividend_date":"","moving_avg_200_day":"9.42","chg_from_200_day_moving_avg":"4.18","pct_chg_from_200_day_moving_avg":"0.4437","moving_avg_50_day":"9.46","chg_from_50_day_moving_avg":"4.14","pct_chg_from_50_day_moving_avg":"0.43729999999999997","shares_outstanding":"1.0599E7","ebitda":"0.0","short_ratio":"0.0","pe_estimate_next_year":"","peg_ratio":"0.0","eps_estimate_next_year":"","eps_estimate_next_quarter":"0.0","eps_estimate_current_quarter":"","psr":"","revenue":"","profit_margin":""},"TEDU":{"symbol":"TEDU","exchange":"NASDAQ","code":"TEDU","name":"达内科技","current":"1.49","percentage":"-8.59","change":"-0.14","open":"1.64","high":"1.74","low":"0.0","close":"1.49","last_close":"1.63","high52week":"9.36","low52week":"1.23","volume":"0.0","lot_volume":"0.0","volumeAverage":"314572","marketCapital":"8.4421016E7","eps":"0.69","pe_ttm":"2.1594","pe_lyr":"3.1391","beta":"0.67","totalShares":"56658400","time":"Fri Jul 12 11:14:47 -0400 2019","afterHours":"1.49","afterHoursPct":"0.0","afterHoursChg":"0.0","afterHoursTime":"Mon Jul 29 03:59:50 -0400 2019","updateAt":"1564387132405","dividend":"0.1","yield":"1.87","turnover_rate":"","instOwn":"45.0","rise_stop":"0.0","fall_stop":"0.0","currency_unit":"USD","amount":"0.0","net_assets":"0.0","hasexist":"","has_warrant":"0","type":"1","flag":"1","rest_day":"","amplitude":"","market_status":"未开盘","lot_size":"1","min_order_quantity":"0","max_order_quantity":"0","tick_size":"0.01","variable_tick_size":"0.0001 1 0.01","kzz_stock_symbol":"","kzz_stock_name":"","kzz_stock_current":"1.36","kzz_convert_price":"0.0","kzz_covert_value":"0.0","kzz_cpr":"0.0","kzz_putback_price":"0.0","kzz_convert_time":"","kzz_redempt_price":"0.0","kzz_straight_price":"0.0","kzz_stock_percent":"","pb":"3.4","benefit_before_tax":"0.0","benefit_after_tax":"0.0","convert_bond_ratio":"","totalissuescale":"","outstandingamt":"","maturitydate":"","remain_year":"","convertrate":"","interestrtmemo":"","release_date":"","circulation":"0.0","par_value":"0.0","due_time":"0.0","value_date":"","due_date":"","publisher":"","redeem_type":"F","issue_type":"","bond_type":"T","warrant":"","sale_rrg":"","rate":"","after_hour_vol":"0","float_shares":"0","float_market_capital":"5.428655E8","disnext_pay_date":"","convert_rate":"","volume_ratio":"0.0","percent5m":"0.0","pankou_ratio":"-58.62%","dividend_pay_date":"Wed Jun 21 00:00:00 CST 2017","ex_dividend_date":"Wed Jun 07 00:00:00 CST 2017","moving_avg_200_day":"0.0","chg_from_200_day_moving_avg":"14.65","pct_chg_from_200_day_moving_avg":"","moving_avg_50_day":"0.0","chg_from_50_day_moving_avg":"14.65","pct_chg_from_50_day_moving_avg":"","shares_outstanding":"","ebitda":"0.0","short_ratio":"0.0","pe_estimate_next_year":"","peg_ratio":"0.0","eps_estimate_next_year":"1.01","eps_estimate_next_quarter":"0.0","eps_estimate_current_quarter":"0.81","psr":"","revenue":"","profit_margin":"0.1321141920657047"},"PME":{"symbol":"PME","exchange":"NASDAQ","code":"PME","name":"平潭海洋","current":"2.60","percentage":"-0.68","change":"-0.02","open":"2.59","high":"2.62","low":"0.0","close":"2.6","last_close":"2.62","high52week":"3.0","low52week":"1.71","volume":"0.0","lot_volume":"0.0","volumeAverage":"51647","marketCapital":"2.05543E8","eps":"0.14","pe_ttm":"18.7143","pe_lyr":"6.8947","beta":"0.26","totalShares":"79055000","time":"Fri Jul 12 11:07:45 -0400 2019","afterHours":"2.6","afterHoursPct":"0.0","afterHoursChg":"0.0","afterHoursTime":"Mon Jul 29 03:59:45 -0400 2019","updateAt":"1564387127208","dividend":"0.04","yield":"1.76","turnover_rate":"","instOwn":"3.0","rise_stop":"0.0","fall_stop":"0.0","currency_unit":"USD","amount":"0.0","net_assets":"1.46","hasexist":"","has_warrant":"0","type":"1","flag":"1","rest_day":"","amplitude":"","market_status":"未开盘","lot_size":"1","min_order_quantity":"0","max_order_quantity":"0","tick_size":"0.01","variable_tick_size":"0.0001 1 0.01","kzz_stock_symbol":"","kzz_stock_name":"","kzz_stock_current":"2.47","kzz_convert_price":"0.0","kzz_covert_value":"0.0","kzz_cpr":"0.0","kzz_putback_price":"0.0","kzz_convert_time":"","kzz_redempt_price":"0.0","kzz_straight_price":"0.0","kzz_stock_percent":"","pb":"2.05","benefit_before_tax":"0.0","benefit_after_tax":"0.0","convert_bond_ratio":"","totalissuescale":"","outstandingamt":"","maturitydate":"","remain_year":"","convertrate":"","interestrtmemo":"","release_date":"","circulation":"0.0","par_value":"0.0","due_time":"0.0","value_date":"","due_date":"","publisher":"","redeem_type":"F","issue_type":"","bond_type":"T","warrant":"","sale_rrg":"","rate":"","after_hour_vol":"0","float_shares":"34532000","float_market_capital":"1.03596E8","disnext_pay_date":"","convert_rate":"","volume_ratio":"0.0","percent5m":"0.0","pankou_ratio":"-42.86%","dividend_pay_date":"Tue Aug 15 00:00:00 CST 2017","ex_dividend_date":"Thu Jul 27 00:00:00 CST 2017","moving_avg_200_day":"3.61","chg_from_200_day_moving_avg":"-0.61","pct_chg_from_200_day_moving_avg":"-0.17010000000000003","moving_avg_50_day":"3.1","chg_from_50_day_moving_avg":"-0.1","pct_chg_from_50_day_moving_avg":"-0.0333","shares_outstanding":"7.9055E7","ebitda":"1.102E7","short_ratio":"5.6","pe_estimate_next_year":"","peg_ratio":"0.0","eps_estimate_next_year":"1.39","eps_estimate_next_quarter":"0.0","eps_estimate_current_quarter":"1.39","psr":"3.89","revenue":"5.568E7","profit_margin":"0.2555657327586207"},"OSN":{"symbol":"OSN","exchange":"NASDAQ","code":"OSN","name":"奥盛创新","current":"2.47","percentage":"-2.34","change":"-0.06","open":"2.29","high":"2.5","low":"0.0","close":"2.47","last_close":"2.53","high52week":"3.05","low52week":"1.06","volume":"0.0","lot_volume":"0.0","volumeAverage":"3565","marketCapital":"1.632570459E7","eps":"0.34","pe_ttm":"7.2647","pe_lyr":"3.2651","beta":"1.52","totalShares":"6609597","time":"Fri Jul 12 11:07:06 -0400 2019","afterHours":"2.47","afterHoursPct":"0.0","afterHoursChg":"0.0","afterHoursTime":"Mon Jul 29 03:59:44 -0400 2019","updateAt":"1564387125946","dividend":"0.0","yield":"0.0","turnover_rate":"","instOwn":"6.0","rise_stop":"0.0","fall_stop":"0.0","currency_unit":"USD","amount":"0.0","net_assets":"13.804","hasexist":"","has_warrant":"0","type":"1","flag":"1","rest_day":"","amplitude":"","market_status":"未开盘","lot_size":"1","min_order_quantity":"0","max_order_quantity":"0","tick_size":"0.01","variable_tick_size":"0.0001 1 0.01","kzz_stock_symbol":"","kzz_stock_name":"","kzz_stock_current":"2.0","kzz_convert_price":"0.0","kzz_covert_value":"0.0","kzz_cpr":"0.0","kzz_putback_price":"0.0","kzz_convert_time":"","kzz_redempt_price":"0.0","kzz_straight_price":"0.0","kzz_stock_percent":"","pb":"0.13","benefit_before_tax":"0.0","benefit_after_tax":"0.0","convert_bond_ratio":"","totalissuescale":"","outstandingamt":"","maturitydate":"","remain_year":"","convertrate":"","interestrtmemo":"","release_date":"","circulation":"0.0","par_value":"0.0","due_time":"0.0","value_date":"","due_date":"","publisher":"","redeem_type":"F","issue_type":"","bond_type":"T","warrant":"","sale_rrg":"","rate":"","after_hour_vol":"0","float_shares":"2434000","float_market_capital":"4454220.0","disnext_pay_date":"","convert_rate":"","volume_ratio":"0.0","percent5m":"0.0","pankou_ratio":"-53.85%","dividend_pay_date":"","ex_dividend_date":"","moving_avg_200_day":"2.0049","chg_from_200_day_moving_avg":"-0.1776","pct_chg_from_200_day_moving_avg":"-0.08857799999999999","moving_avg_50_day":"1.7081","chg_from_50_day_moving_avg":"0.1192","pct_chg_from_50_day_moving_avg":"0.06981","shares_outstanding":"6597000.0","ebitda":"8790000.0","short_ratio":"0.5","pe_estimate_next_year":"","peg_ratio":"0.0","eps_estimate_next_year":"","eps_estimate_next_quarter":"0.0","eps_estimate_current_quarter":"0.19","psr":"0.1073","revenue":"1.1252E8","profit_margin":"0.03922318698897974"},"MLCO":{"symbol":"MLCO","exchange":"NASDAQ","code":"MLCO","name":"新濠博亚娱乐","current":"23.96","percentage":"-2.24","change":"-0.55","open":"24.81","high":"24.98","low":"23.86","close":"23.96","last_close":"24.51","high52week":"26.97","low52week":"15.33","volume":"2897885.0","lot_volume":"2897885.0","volumeAverage":"0","marketCapital":"1.14465557E10","eps":"0.24","pe_ttm":"102.125","pe_lyr":"35.0143","beta":"1.77","totalShares":"1401047000","time":"Fri Jul 26 15:59:59 -0400 2019","afterHours":"23.96","afterHoursPct":"0.0","afterHoursChg":"0.0","afterHoursTime":"Mon Jul 29 03:59:41 -0400 2019","updateAt":"1564387122892","dividend":"0.613","yield":"2.5","turnover_rate":"0.21%","instOwn":"25.21","rise_stop":"0.0","fall_stop":"0.0","currency_unit":"USD","amount":"7.438870795E7","net_assets":"5.66","hasexist":"","has_warrant":"0","type":"0","flag":"1","rest_day":"","amplitude":"4.57%","market_status":"未开盘","lot_size":"1","min_order_quantity":"0","max_order_quantity":"0","tick_size":"0.01","variable_tick_size":"0.0001 1 0.01","kzz_stock_symbol":"","kzz_stock_name":"","kzz_stock_current":"24.19","kzz_convert_price":"0.0","kzz_covert_value":"0.0","kzz_cpr":"0.0","kzz_putback_price":"0.0","kzz_convert_time":"","kzz_redempt_price":"0.0","kzz_straight_price":"0.0","kzz_stock_percent":"","pb":"4.47","benefit_before_tax":"0.0","benefit_after_tax":"0.0","convert_bond_ratio":"","totalissuescale":"","outstandingamt":"","maturitydate":"","remain_year":"","convertrate":"","interestrtmemo":"","release_date":"","circulation":"0.0","par_value":"0.0","due_time":"0.0","value_date":"","due_date":"","publisher":"","redeem_type":"T","issue_type":"","bond_type":"T","warrant":"","sale_rrg":"","rate":"","after_hour_vol":"0","float_shares":"260628000","float_market_capital":"6.58867584E9","disnext_pay_date":"","convert_rate":"","volume_ratio":"0.0","percent5m":"0.0","pankou_ratio":"-92.98%","dividend_pay_date":"Wed May 31 00:00:00 CST 2017","ex_dividend_date":"Fri Aug 04 00:00:00 CST 2017","moving_avg_200_day":"22.23","chg_from_200_day_moving_avg":"3.05","pct_chg_from_200_day_moving_avg":"0.1374","moving_avg_50_day":"23.59","chg_from_50_day_moving_avg":"1.69","pct_chg_from_50_day_moving_avg":"0.0718","shares_outstanding":"4.89167E8","ebitda":"1.11E9","short_ratio":"1.11","pe_estimate_next_year":"26.89","peg_ratio":"3.51","eps_estimate_next_year":"0.94","eps_estimate_next_quarter":"0.22","eps_estimate_current_quarter":"0.83","psr":"2.35","revenue":"4.92E9","profit_margin":"0.05170057723577236"},"SOL":{"symbol":"SOL","exchange":"NYSE","code":"SOL","name":"昱辉阳光","current":"1.08","percentage":"1.89","change":"0.02","open":"1.04","high":"1.1","low":"0.0","close":"1.08","last_close":"1.06","high52week":"2.49","low52week":"1.15","volume":"0.0","lot_volume":"0.0","volumeAverage":"1090000","marketCapital":"4.1150916E7","eps":"-1.7","pe_ttm":"","pe_lyr":"1.2103","beta":"1.98","totalShares":"38102700","time":"Fri Jul 12 10:43:12 -0400 2019","afterHours":"1.08","afterHoursPct":"0.0","afterHoursChg":"0.0","afterHoursTime":"Mon Jul 29 03:59:49 -0400 2019","updateAt":"1564387131195","dividend":"0.0","yield":"0.0","turnover_rate":"","instOwn":"6.0","rise_stop":"0.0","fall_stop":"0.0","currency_unit":"USD","amount":"0.0","net_assets":"0.69","hasexist":"","has_warrant":"0","type":"1","flag":"1","rest_day":"","amplitude":"","market_status":"未开盘","lot_size":"1","min_order_quantity":"0","max_order_quantity":"0","tick_size":"0.01","variable_tick_size":"0.01","kzz_stock_symbol":"","kzz_stock_name":"","kzz_stock_current":"1.26","kzz_convert_price":"0.0","kzz_covert_value":"0.0","kzz_cpr":"0.0","kzz_putback_price":"0.0","kzz_convert_time":"","kzz_redempt_price":"0.0","kzz_straight_price":"0.0","kzz_stock_percent":"","pb":"4.17","benefit_before_tax":"0.0","benefit_after_tax":"0.0","convert_bond_ratio":"","totalissuescale":"","outstandingamt":"","maturitydate":"","remain_year":"","convertrate":"","interestrtmemo":"","release_date":"","circulation":"0.0","par_value":"0.0","due_time":"0.0","value_date":"","due_date":"","publisher":"","redeem_type":"F","issue_type":"","bond_type":"T","warrant":"","sale_rrg":"","rate":"","after_hour_vol":"0","float_shares":"15986000","float_market_capital":"4.603968E7","disnext_pay_date":"","convert_rate":"","volume_ratio":"0.0","percent5m":"0.0","pankou_ratio":"-88.24%","dividend_pay_date":"","ex_dividend_date":"","moving_avg_200_day":"2.51","chg_from_200_day_moving_avg":"0.37","pct_chg_from_200_day_moving_avg":"0.1484","moving_avg_50_day":"2.42","chg_from_50_day_moving_avg":"0.46","pct_chg_from_50_day_moving_avg":"0.19079999999999997","shares_outstanding":"2.0053E7","ebitda":"1.449E7","short_ratio":"6.0","pe_estimate_next_year":"41.14","peg_ratio":"-0.07","eps_estimate_next_year":"0.07","eps_estimate_next_quarter":"0.0","eps_estimate_current_quarter":"-2.68","psr":"0.08","revenue":"7.2734E8","profit_margin":"-0.13785162372480544"},"NFEC":{"symbol":"NFEC","exchange":"NASDAQ","code":"NFEC","name":"能发伟业","current":"7.00","percentage":"0.0","change":"0.00","open":"0.0","high":"0.0","low":"0.0","close":"7.0","last_close":"7.0","high52week":"25.0","low52week":"0.86","volume":"0.0","lot_volume":"0.0","volumeAverage":"9797","marketCapital":"5.24072E7","eps":"-0.39","pe_ttm":"","pe_lyr":"","beta":"-0.68","totalShares":"7573000","time":"Thu Feb 07 15:59:49 -0500 2019","afterHours":"7.0","afterHoursPct":"0.0","afterHoursChg":"0.0","afterHoursTime":"Mon Jul 29 03:59:42 -0400 2019","updateAt":"1564387124305","dividend":"0.0","yield":"0.0","turnover_rate":"","instOwn":"0.0","rise_stop":"0.0","fall_stop":"0.0","currency_unit":"USD","amount":"0.0","net_assets":"3.81","hasexist":"","has_warrant":"0","type":"1","flag":"1","rest_day":"","amplitude":"","market_status":"未开盘","lot_size":"1","min_order_quantity":"0","max_order_quantity":"0","tick_size":"0.01","variable_tick_size":"0.0001 1 0.01","kzz_stock_symbol":"","kzz_stock_name":"","kzz_stock_current":"7.14","kzz_convert_price":"0.0","kzz_covert_value":"0.0","kzz_cpr":"0.0","kzz_putback_price":"0.0","kzz_convert_time":"","kzz_redempt_price":"0.0","kzz_straight_price":"0.0","kzz_stock_percent":"","pb":"0.24","benefit_before_tax":"0.0","benefit_after_tax":"0.0","convert_bond_ratio":"","totalissuescale":"","outstandingamt":"","maturitydate":"","remain_year":"","convertrate":"","interestrtmemo":"","release_date":"","circulation":"0.0","par_value":"0.0","due_time":"0.0","value_date":"","due_date":"","publisher":"","redeem_type":"F","issue_type":"","bond_type":"T","warrant":"","sale_rrg":"","rate":"","after_hour_vol":"0","float_shares":"3699000","float_market_capital":"3329100.0","disnext_pay_date":"","convert_rate":"","volume_ratio":"0.0","percent5m":"0.0","pankou_ratio":"-81.82%","dividend_pay_date":"","ex_dividend_date":"","moving_avg_200_day":"0.92","chg_from_200_day_moving_avg":"-0.02","pct_chg_from_200_day_moving_avg":"-0.0167","moving_avg_50_day":"0.89","chg_from_50_day_moving_avg":"0.01","pct_chg_from_50_day_moving_avg":"0.0144","shares_outstanding":"7073000.0","ebitda":"-369619.0","short_ratio":"3.2","pe_estimate_next_year":"","peg_ratio":"0.0","eps_estimate_next_year":"","eps_estimate_next_quarter":"0.0","eps_estimate_current_quarter":"1.03","psr":"0.95","revenue":"6510000.0","profit_margin":"-0.2716205837173579"},"RCON":{"symbol":"RCON","exchange":"NASDAQ","code":"RCON","name":"研控科技","current":"0.7467","percentage":"-1.1","change":"-0.0083","open":"0.7473","high":"0.7498","low":"0.0","close":"0.7467","last_close":"0.755","high52week":"1.65","low52week":"0.63","volume":"0.0","lot_volume":"0.0","volumeAverage":"29218","marketCapital":"4652532.39","eps":"-0.63","pe_ttm":"","pe_lyr":"","beta":"1.87","totalShares":"6230792","time":"Fri Jul 12 11:01:37 -0400 2019","afterHours":"0.75","afterHoursPct":"0.0","afterHoursChg":"0.0","afterHoursTime":"Mon Jul 29 03:59:47 -0400 2019","updateAt":"1564387128637","dividend":"0.0","yield":"0.0","turnover_rate":"","instOwn":"2.0","rise_stop":"0.0","fall_stop":"0.0","currency_unit":"USD","amount":"0.0","net_assets":"0.5","hasexist":"","has_warrant":"0","type":"1","flag":"1","rest_day":"","amplitude":"","market_status":"未开盘","lot_size":"1","min_order_quantity":"0","max_order_quantity":"0","tick_size":"0.0001","variable_tick_size":"0.0001 1 0.01","kzz_stock_symbol":"","kzz_stock_name":"","kzz_stock_current":"0.78","kzz_convert_price":"0.0","kzz_covert_value":"0.0","kzz_cpr":"0.0","kzz_putback_price":"0.0","kzz_convert_time":"","kzz_redempt_price":"0.0","kzz_straight_price":"0.0","kzz_stock_percent":"","pb":"3.02","benefit_before_tax":"0.0","benefit_after_tax":"0.0","convert_bond_ratio":"","totalissuescale":"","outstandingamt":"","maturitydate":"","remain_year":"","convertrate":"","interestrtmemo":"","release_date":"","circulation":"0.0","par_value":"0.0","due_time":"0.0","value_date":"","due_date":"","publisher":"","redeem_type":"F","issue_type":"","bond_type":"T","warrant":"","sale_rrg":"","rate":"","after_hour_vol":"0","float_shares":"5841000","float_market_capital":"8819910.0","disnext_pay_date":"","convert_rate":"","volume_ratio":"0.0","percent5m":"0.0","pankou_ratio":"-95.29%","dividend_pay_date":"","ex_dividend_date":"","moving_avg_200_day":"1.16","chg_from_200_day_moving_avg":"0.35","pct_chg_from_200_day_moving_avg":"0.303","moving_avg_50_day":"1.24","chg_from_50_day_moving_avg":"0.27","pct_chg_from_50_day_moving_avg":"0.2147","shares_outstanding":"9902000.0","ebitda":"-4480000.0","short_ratio":"6.87","pe_estimate_next_year":"","peg_ratio":"0.0","eps_estimate_next_year":"","eps_estimate_next_quarter":"0.0","eps_estimate_current_quarter":"","psr":"1.74","revenue":"9040000.0","profit_margin":"-0.8105619469026548"},"SSW":{"symbol":"SSW","exchange":"NYSE","code":"SSW","name":"塞斯潘","current":"10.17","percentage":"0.0","change":"0.00","open":"10.2","high":"10.2","low":"10.07","close":"10.17","last_close":"10.17","high52week":"10.7","low52week":"7.05","volume":"253514.0","lot_volume":"253514.0","volumeAverage":"190172","marketCapital":"2.1926634E9","eps":"1.31","pe_ttm":"7.7634","pe_lyr":"10.8191","beta":"0.78","totalShares":"215601000","time":"Fri Jul 26 15:59:58 -0400 2019","afterHours":"10.17","afterHoursPct":"0.0","afterHoursChg":"0.0","afterHoursTime":"Mon Jul 29 03:59:50 -0400 2019","updateAt":"1564387131562","dividend":"0.5","yield":"4.92","turnover_rate":"0.11%","instOwn":"12.0","rise_stop":"0.0","fall_stop":"0.0","currency_unit":"USD","amount":"2165009.56","net_assets":"15.35","hasexist":"","has_warrant":"0","type":"0","flag":"1","rest_day":"","amplitude":"1.28%","market_status":"未开盘","lot_size":"1","min_order_quantity":"0","max_order_quantity":"0","tick_size":"0.01","variable_tick_size":"0.01","kzz_stock_symbol":"","kzz_stock_name":"","kzz_stock_current":"10.14","kzz_convert_price":"0.0","kzz_covert_value":"0.0","kzz_cpr":"0.0","kzz_putback_price":"0.0","kzz_convert_time":"","kzz_redempt_price":"0.0","kzz_straight_price":"0.0","kzz_stock_percent":"","pb":"0.46","benefit_before_tax":"0.0","benefit_after_tax":"0.0","convert_bond_ratio":"","totalissuescale":"","outstandingamt":"","maturitydate":"","remain_year":"","convertrate":"","interestrtmemo":"","release_date":"","circulation":"0.0","par_value":"0.0","due_time":"0.0","value_date":"","due_date":"","publisher":"","redeem_type":"T","issue_type":"0","bond_type":"T","warrant":"","sale_rrg":"0","rate":"","after_hour_vol":"0","float_shares":"56269000","float_market_capital":"3.93883E8","disnext_pay_date":"","convert_rate":"","volume_ratio":"0.0","percent5m":"0.0","pankou_ratio":"4.76%","dividend_pay_date":"Mon Oct 30 00:00:00 CST 2017","ex_dividend_date":"Thu Oct 19 00:00:00 CST 2017","moving_avg_200_day":"6.64","chg_from_200_day_moving_avg":"0.36","pct_chg_from_200_day_moving_avg":"0.0545","moving_avg_50_day":"7.13","chg_from_50_day_moving_avg":"-0.13","pct_chg_from_50_day_moving_avg":"-0.018799999999999997","shares_outstanding":"1.17837E8","ebitda":"5.01E8","short_ratio":"6.54","pe_estimate_next_year":"6.36","peg_ratio":"1.41","eps_estimate_next_year":"1.1","eps_estimate_next_quarter":"0.2","eps_estimate_current_quarter":"0.69","psr":"0.98","revenue":"8.44E8","profit_margin":"-0.22618002369668247"},"TYHT":{"symbol":"TYHT","exchange":"NASDAQ","code":"TYHT","name":"天益华泰","current":"0.7500","percentage":"11.92","change":"0.0799","open":"0.7","high":"0.848","low":"0.685","close":"0.75","last_close":"0.6701","high52week":"1.66","low52week":"0.433","volume":"1571682.0","lot_volume":"1571682.0","volumeAverage":"0","marketCapital":"1.53241E7","eps":"-0.08","pe_ttm":"","pe_lyr":"1.8614","beta":"0.0","totalShares":"22872000","time":"Fri Jul 26 15:59:57 -0400 2019","afterHours":"0.75","afterHoursPct":"0.0","afterHoursChg":"0.0","afterHoursTime":"Mon Jul 29 03:59:51 -0400 2019","updateAt":"1564387133406","dividend":"0.0","yield":"0.0","turnover_rate":"6.86%","instOwn":"0.0","rise_stop":"0.0","fall_stop":"0.0","currency_unit":"USD","amount":"2027469.78","net_assets":"2.96","hasexist":"","has_warrant":"0","type":"1","flag":"1","rest_day":"","amplitude":"24.32%","market_status":"未开盘","lot_size":"1","min_order_quantity":"0","max_order_quantity":"0","tick_size":"0.0001","variable_tick_size":"0.0001 1 0.01","kzz_stock_symbol":"","kzz_stock_name":"","kzz_stock_current":"0.77","kzz_convert_price":"0.0","kzz_covert_value":"0.0","kzz_cpr":"0.0","kzz_putback_price":"0.0","kzz_convert_time":"","kzz_redempt_price":"0.0","kzz_straight_price":"0.0","kzz_stock_percent":"","pb":"1.15","benefit_before_tax":"0.0","benefit_after_tax":"0.0","convert_bond_ratio":"","totalissuescale":"","outstandingamt":"","maturitydate":"","remain_year":"","convertrate":"","interestrtmemo":"","release_date":"","circulation":"0.0","par_value":"0.0","due_time":"0.0","value_date":"","due_date":"","publisher":"","redeem_type":"F","issue_type":"","bond_type":"T","warrant":"","sale_rrg":"","rate":"","after_hour_vol":"0","float_shares":"14749000","float_market_capital":"5.01466E7","disnext_pay_date":"","convert_rate":"","volume_ratio":"0.0","percent5m":"0.0","pankou_ratio":"-76.47%","dividend_pay_date":"","ex_dividend_date":"","moving_avg_200_day":"2.79","chg_from_200_day_moving_avg":"0.61","pct_chg_from_200_day_moving_avg":"0.218","moving_avg_50_day":"2.78","chg_from_50_day_moving_avg":"0.62","pct_chg_from_50_day_moving_avg":"0.2214","shares_outstanding":"2.1034E7","ebitda":"8020000.0","short_ratio":"0.27","pe_estimate_next_year":"","peg_ratio":"0.0","eps_estimate_next_year":"","eps_estimate_next_quarter":"0.0","eps_estimate_current_quarter":"","psr":"2.2","revenue":"3.359E7","profit_margin":"0.2567412920512057"},"TAL":{"symbol":"TAL","exchange":"NYSE","code":"TAL","name":"好未来","current":"32.77","percentage":"-1.41","change":"-0.47","open":"32.95","high":"33.72","low":"32.68","close":"32.77","last_close":"33.24","high52week":"39.66","low52week":"21.08","volume":"8900017.0","lot_volume":"8900017.0","volumeAverage":"208438","marketCapital":"1.6412834838E10","eps":"0.36","pe_ttm":"91.0278","pe_lyr":"82.8931","beta":"0.3","totalShares":"500849400","time":"Fri Jul 26 15:59:59 -0400 2019","afterHours":"32.99","afterHoursPct":"0.67","afterHoursChg":"0.22","afterHoursTime":"Mon Jul 29 05:35:45 -0400 2019","updateAt":"1564387131973","dividend":"0.49","yield":"1.32","turnover_rate":"1.74%","instOwn":"76.61","rise_stop":"0.0","fall_stop":"0.0","currency_unit":"USD","amount":"2.8319854094E8","net_assets":"1.38","hasexist":"","has_warrant":"0","type":"1","flag":"1","rest_day":"","amplitude":"3.13%","market_status":"未开盘","lot_size":"1","min_order_quantity":"0","max_order_quantity":"0","tick_size":"0.01","variable_tick_size":"0.01","kzz_stock_symbol":"","kzz_stock_name":"","kzz_stock_current":"32.99","kzz_convert_price":"0.0","kzz_covert_value":"0.0","kzz_cpr":"0.0","kzz_putback_price":"0.0","kzz_convert_time":"","kzz_redempt_price":"0.0","kzz_straight_price":"0.0","kzz_stock_percent":"","pb":"19.93","benefit_before_tax":"0.0","benefit_after_tax":"0.0","convert_bond_ratio":"","totalissuescale":"","outstandingamt":"","maturitydate":"","remain_year":"","convertrate":"","interestrtmemo":"","release_date":"","circulation":"0.0","par_value":"0.0","due_time":"0.0","value_date":"","due_date":"","publisher":"","redeem_type":"F","issue_type":"","bond_type":"T","warrant":"","sale_rrg":"","rate":"","after_hour_vol":"2306","float_shares":"0","float_market_capital":"8.28189955E9","disnext_pay_date":"","convert_rate":"","volume_ratio":"0.0","percent5m":"0.0","pankou_ratio":"50.0%","dividend_pay_date":"Thu May 25 00:00:00 CST 2017","ex_dividend_date":"Tue May 09 00:00:00 CST 2017","moving_avg_200_day":"25.79","chg_from_200_day_moving_avg":"1.71","pct_chg_from_200_day_moving_avg":"0.0662","moving_avg_50_day":"33.07","chg_from_50_day_moving_avg":"-5.57","pct_chg_from_50_day_moving_avg":"-0.1685","shares_outstanding":"4.94207E8","ebitda":"1.8299E8","short_ratio":"3.7","pe_estimate_next_year":"50.0","peg_ratio":"2.84","eps_estimate_next_year":"0.55","eps_estimate_next_quarter":"0.1","eps_estimate_current_quarter":"0.32","psr":"11.48","revenue":"1.17E9","profit_margin":"0.10137579487179488"},"TOUR":{"symbol":"TOUR","exchange":"NASDAQ","code":"TOUR","name":"途牛","current":"3.35","percentage":"-0.89","change":"-0.03","open":"3.33","high":"3.35","low":"0.0","close":"3.35","last_close":"3.38","high52week":"8.3","low52week":"2.48","volume":"0.0","lot_volume":"0.0","volumeAverage":"277848","marketCapital":"4.23742505E8","eps":"-2.9","pe_ttm":"","pe_lyr":"","beta":"1.47","totalShares":"126490300","time":"Thu Jul 11 15:57:58 -0400 2019","afterHours":"3.35","afterHoursPct":"0.0","afterHoursChg":"0.0","afterHoursTime":"Mon Jul 29 03:59:51 -0400 2019","updateAt":"1564387132817","dividend":"0.0","yield":"0.0","turnover_rate":"","instOwn":"17.0","rise_stop":"0.0","fall_stop":"0.0","currency_unit":"USD","amount":"0.0","net_assets":"4.6","hasexist":"","has_warrant":"0","type":"1","flag":"1","rest_day":"","amplitude":"","market_status":"未开盘","lot_size":"1","min_order_quantity":"0","max_order_quantity":"0","tick_size":"0.01","variable_tick_size":"0.0001 1 0.01","kzz_stock_symbol":"","kzz_stock_name":"","kzz_stock_current":"3.22","kzz_convert_price":"0.0","kzz_covert_value":"0.0","kzz_cpr":"0.0","kzz_putback_price":"0.0","kzz_convert_time":"","kzz_redempt_price":"0.0","kzz_straight_price":"0.0","kzz_stock_percent":"","pb":"1.49","benefit_before_tax":"0.0","benefit_after_tax":"0.0","convert_bond_ratio":"","totalissuescale":"","outstandingamt":"","maturitydate":"","remain_year":"","convertrate":"","interestrtmemo":"","release_date":"","circulation":"0.0","par_value":"0.0","due_time":"0.0","value_date":"","due_date":"","publisher":"","redeem_type":"T","issue_type":"","bond_type":"T","warrant":"","sale_rrg":"","rate":"","after_hour_vol":"0","float_shares":"0","float_market_capital":"3.004776E8","disnext_pay_date":"","convert_rate":"","volume_ratio":"0.0","percent5m":"0.0","pankou_ratio":"-94.17%","dividend_pay_date":"","ex_dividend_date":"","moving_avg_200_day":"7.9","chg_from_200_day_moving_avg":"-1.06","pct_chg_from_200_day_moving_avg":"-0.1341","moving_avg_50_day":"7.69","chg_from_50_day_moving_avg":"-0.85","pct_chg_from_50_day_moving_avg":"-0.111","shares_outstanding":"9.3337E7","ebitda":"-2.3905E8","short_ratio":"9.03","pe_estimate_next_year":"","peg_ratio":"6131.0","eps_estimate_next_year":"-0.04","eps_estimate_next_quarter":"-0.22","eps_estimate_current_quarter":"-0.77","psr":"0.61","revenue":"1.05E9","profit_margin":"-0.17956260952380954"}}